2430 4202
191 287 330 365 legatam
358 286 533 364 acquirant.
550 289 590 348 Π.
609 285 679 348 140.
692 319 708 333 -
721 287 770 347 Au
794 286 943 346 excidant
962 303 983 346 a
1006 284 1155 362 delegata

189 398 281 457 quam
296 383 389 442 antea
403 379 625 440 obtinuissent.
643 379 852 446 lib-Quibus
868 378 976 456 poenis
995 377 1156 438 canonicis

190 472 409 534 subiiciautur.
423 473 569 535 ibid-et
582 491 662 551 quae
683 472 722 534 ab
743 472 818 550 ipsis
833 471 1070 533 satisfactiones
1089 471 1158 530 exi·

192 567 321 643 gendae.
335 565 414 627 lbid.
428 566 537 626 -Num
558 566 703 626 fidelibus
723 565 821 626 liceat
834 565 986 625 assistere
1004 563 1160 640 Vesperis

190 658 321 736 aliisque
329 658 462 737 publicis
470 659 624 736 precibus,
634 677 713 736 quae
721 659 901 720 recitantur
909 660 965 719 sub
980 658 1161 717 directione

191 751 326 812 Parocbi
340 755 397 812 aut
410 752 597 831 Presbyteri
612 753 724 814 iurati.
740 753 790 815 84.
801 753 909 814 -Num
925 751 1162 814 absolutionem

192 851 227 906 ct
246 847 490 906 communionem
517 847 557 907 ab
583 865 619 907 co
645 851 773 925 petere,
801 845 987 924 praesertim
1016 849 1163 921 tempore

192 940 344 1018 paschali.
360 941 531 1004 85.·Num
558 943 670 1002 saltem
699 941 929 1003 absolutionem
956 939 990 999 in
1019 938 1163 999 articulo

192 1040 245 1099 vel
264 1039 404 1116 periculo
426 1040 549 1100 mortis.
566 1040 617 1102 88.
630 1043 740 1104 -Num
762 1058 832 1100 eum
854 1039 942 1100 adire
971 1039 1076 1098 liceat
1105 1055 1161 1114 pro

192 1134 395 1194 sacramentis
409 1133 609 1211 baptismatis
623 1137 657 1194 et
670 1133 931 1195 matrimonii.85.
941 1165 955 1179 -
966 1137 1025 1192 aut
1040 1130 1161 1208 patrini

191 1244 320 1286 munere
348 1227 437 1305 iungi
461 1227 492 1287 in
518 1228 708 1305 baptismate
737 1229 960 1290 administrato
982 1245 1003 1288 a
1024 1227 1160 1302 parocho

191 1319 297 1382 iurato
319 1320 371 1381 vel
392 1319 527 1381 intruso.
542 1321 711 1382 ibid-vel
732 1321 918 1382 mulieribus
939 1323 1012 1396 post
1028 1323 1155 1396 partum
1211 1351 1212 1368 ÷

193 1412 439 1473 benedictionem
460 1413 618 1474 abeodem
632 1414 783 1492 accipere.
801 1414 852 1475 86.
868 1414 948 1474 Vide
962 1413 1087 1474 Iurati
1100 1413 1159 1472 Ρα-

194 1507 477 1660 roclll’tarocbiarum
497 1599 668 1678 illegitima
689 1554 876 1678 suppressio.
894 1603 918 1661 Ι.
934 1600 988 1662 96.

253 1691 464 1752 Parochorum
478 1693 692 1770 legitimorum
700 1693 822 1754 Galliac
835 1711 907 1770 pars
917 1693 1061 1754 maxima
1072 1711 1156 1772 quam

193 1791 341 1847 constans
355 1787 387 1846 in
403 1787 572 1849 reiiciendo
585 1789 762 1850 iuramento
776 1790 876 1850 civili.
886 1791 911 1849 Ι.
923 1790 1157 1867 lib-Semper

193 1882 352 1954 Pastores‚
368 1880 444 1942 licet
463 1900 482 1943 a
502 1881 590 1943 civili
612 1886 768 1960 potestate
788 1882 949 1954 destituti,
975 1901 1033 1943 suo
1055 1887 1155 1943 mmen
1213 1917 1214 1928 Ι

194 1993 336 2049 munere,
358 1980 509 2052 quantum
530 1976 562 2036 in
585 1977 661 2054 ipsis
681 1978 840 2039 adstricti.
858 1977 1157 2051 1.159‚160.-Qna

194 2069 318 2130 ratione
340 2086 372 2128 se
393 2087 503 2147 gerere
525 2071 658 2131 debeant
682 2071 714 2130 in
737 2070 862 2148 publica
882 2072 1155 2130 Sacramentorum

195 2160 487 2237 administratione,
510 2166 543 2223 et
563 2164 738 2227 christiana
765 2164 929 2241 sepultura
957 2182 1036 2242 erga
1064 2165 1157 2226 laicos

195 2255 373 2317 schismatis
394 2260 640 2333 propugnatores
661 2258 713 2318 vel
741 2257 903 2318 fautores·
917 2257 1062 2334 bigamos
1088 2260 1157 2336 post

196 2351 298 2425 tepula
326 2349 496 2409 divortium
520 2381 534 2398 ·
557 2349 588 2409 in
610 2350 791 2411 adulterino
816 2351 869 2410 vel
890 2350 1067 2412 fornicario
1088 2371 1157 2412 con-

195 2441 294 2502 sortio
314 2443 385 2516 post
405 2440 500 2502 irrita
514 2443 712 2504 matrimonia
723 2447 973 2520 perseverantes.
989 2447 1031 2505 ΙΙ.
1044 2446 1098 2508 59.

255 2533 381 2596 Patrini
402 2553 530 2596 munere
551 2537 653 2615 fungi,
676 2538 816 2598 Parocho
838 2538 943 2599 iurato
962 2539 1156 2617 baptizante,

195 2629 402 2710 prohibitum.
425 2629 464 2689 11.
488 2630 538 2692 85.
551 2661 570 2676 -
588 2633 715 2692 Intruso
735 2631 926 2709 baptizante,
948 2631 1102 2694 vitiosum
1127 2637 1157 2693 et

196 2725 399 2806 prohibitum.
416 2723 494 2786 Ibid.

256 2819 349 2882 Pauli
371 2819 399 2879 V
414 2818 612 2896 Apostolicae
626 2817 769 2880 Litterae
783 2820 822 2880 ad
836 2819 1008 2882 catholicos
1022 2822 1156 2900 Angliac

196 2919 231 2978 et
250 2911 430 2975 Hiberniae.
448 2913 474 2972 Ι.
490 2913 559 2974 434.
577 2911 647 2974 438.

255 3006 464 3069 Philibertius
478 3005 775 3084 pseudo-Episcopus
796 3004 995 3080 Sedanensis3
1011 3007 1156 3069 cardina·

195 3101 238 3161 lis
259 3101 298 3160 dc
318 3100 430 3161 Zelada
450 3102 488 3159 ad
511 3117 581 3159 eum
602 3098 747 3177 epistola.
761 3101 787 3159 Ι.
804 3099 872 3159 133.

257 3192 449 3254 Pictaviensi
469 3193 621 3269 Episcopo
648 3191 760 3253 scribit
781 3191 856 3252 Pius
878 3192 923 3252 Vl
947 3193 984 3252 de
1012 3194 1155 3256 ccclesia·

196 3288 286 3349 sticis
307 3306 324 3347 s
345 3286 450 3348 Gallia
470 3285 624 3364 profugis.
640 3285 747 3348 11.75.

257 3381 333 3442 Pius
347 3383 401 3440 VI.
414 3379 490 3442 Eius
511 3380 613 3458 prima
633 3380 794 3459 encyclica
814 3379 948 3457 epistola
969 3383 1009 3441 ad
1033 3382 1155 3442 univer·

198 3493 247 3537 sos
267 3472 433 3551 Episcopus
454 3473 516 3532 etc.
532 3473 558 3532 1.
577 3473 605 3532 1.
617 3471 814 3532 -Sileutium
832 3472 900 3533 eius
921 3471 1016 3532 initio
1035 3475 1154 3550 pertur-

551 3579 570 3618 6
