2426 4192
219 307 363 368 oervavit
381 307 553 368 illibatam.
570 309 658 369 Unde
678 313 785 370 summ
806 323 896 368 snum
914 307 1025 380 robur,
1042 306 1116 366 hinc
1137 309 1179 365 et·

219 401 282 460 iam
296 400 358 460 sibi
377 403 610 478 recuperandae
630 400 743 462 salutis
763 419 826 462 non
840 403 977 478 degener
991 399 1178 479 expectatio.

218 495 282 556 Pro
302 500 390 556 certo
410 495 537 557 scilicet
555 496 709 570 babebat,
731 498 841 558 sedate
861 497 958 556 semel
978 497 1038 555 lna'o
1059 495 1178 572 ingenti
1200 483 1201 500 ³

218 589 407 666 tempestate
437 589 587 668 gregibus
610 607 708 668 aeque
730 607 767 650 ac
786 589 965 666 pastoribus
983 588 1178 660 calamitosa,

219 698 260 740 ex
280 683 388 742 eodem
409 683 546 743 unitatis
573 686 685 742 eentm
712 701 908 743 emersurum
936 701 1004 743 esse
1029 683 1178 760 quendam

220 773 346 836 divinae
365 775 544 837 ianstitatis
563 776 706 850 radium,
727 777 781 855 qui
799 794 859 837 non
880 779 971 838 modo
993 776 1123 854 singula
1137 795 1179 836 re·
1201 798 1202 852 ι

219 873 357 941 crearet,
375 871 429 930 sed
449 869 546 929 etiam
566 870 715 946 ampliori
735 869 894 930 virtutum
914 873 949 930 et
968 868 1100 928 honoris
1114 868 1177 928 lnce
1201 858 1202 872 ¹

219 962 325 1022 omnia
344 981 483 1041 quaeque
500 963 718 1024 collustraret.

280 1055 316 1112 ln
329 1073 415 1132 spem
426 1056 511 1115 tanti
525 1055 668 1115 beneficii
680 1055 868 1116 versabatur
880 1053 1100 1116 indesinenter
1112 1059 1178 1114 ante

220 1147 327 1207 oculos
347 1153 471 1210 nostros
491 1150 644 1211 immensa
658 1149 727 1222 illa,
746 1167 803 1209 nec
819 1150 1002 1226 interrupta
1022 1165 1176 1227 umquam,

219 1245 452 1302 antecessorum
477 1245 658 1302 vestrorum
686 1242 805 1316 series,
827 1242 881 1320 qui
907 1242 1037 1319 mystici
1060 1243 1175 1319 navigii

219 1333 346 1394 clavum
365 1352 435 1394 cum
450 1334 554 1412 gloria
573 1339 716 1396 tenuere.
728 1335 795 1395 Alii
815 1335 938 1412 quidem
953 1335 1139 1412 eloquentia
1150 1339 1176 1393 ct

220 1428 360 1506 ingenie,
381 1430 437 1489 alii
457 1427 648 1503 eruditione,
669 1429 726 1490 alii
747 1430 918 1490 sanctitate
929 1433 963 1490 et
976 1431 1107 1490 diverso
1121 1431 1178 1489 vir·

219 1525 326 1582 tutum
345 1540 460 1600 genere
479 1540 537 1600 pro
559 1523 716 1584 varietate
738 1526 913 1601 temporum
927 1524 1127 1584 claruerunt.
1141 1527 1176 1584 At

219 1617 350 1676 Romam
371 1616 455 1677 iusto
470 1620 504 1676 et
517 1617 582 1678 leni
602 1617 736 1694 imperio
749 1618 950 1695 gubernasse,
965 1617 1092 1694 legibus
1106 1621 1177 1677 tem

220 1724 358 1784 perasse,
372 1709 530 1770 beneflciis
543 1710 735 1784 devinxisse,
751 1714 818 1770 tum
832 1710 995 1770 veteribus
1008 1713 1079 1770 tum
1095 1710 1176 1768 novis

220 1802 338 1863 utinm
358 1805 568 1864 monumentis
589 1805 767 1877 decorasse,
789 1807 870 1882 quod
898 1803 1076 1890 estmagni
1094 1802 1176 1880 prin·
1203 1829 1204 1890 p

219 1894 315 1974 cipis;
336 1899 372 1956 at
391 1896 564 1957 Ecclesiam
585 1897 730 1957 doctrina
742 1898 836 1956 simul
857 1900 891 1957 et
910 1899 1031 1973 pietate
1053 1900 1088 1957 et
1106 1913 1175 1973 pru·

220 1990 330 2051 dentis
349 1993 383 2050 et
401 1991 622 2068 imperterrita
641 1990 739 2051 animi
761 1989 988 2068 magnitudine,
1004 1989 1092 2049 inter
1106 1988 1176 2048 diffi-

221 2084 357 2146 cillimas
371 2101 479 2144 rerum
492 2083 655 2162 angustias
667 2082 792 2157 fulcire,
805 2082 901 2143 solari
915 2088 949 2142 et
962 2100 1089 2161 regere,
1101 2084 1173 2160 qnod

220 2182 270 2239 est
290 2177 402 2254 optimi
422 2177 578 2254 pastoris:
601 2178 688 2248 baec,
707 2177 893 2238 Beatissimo
907 2177 1018 2249 Pater,
1041 2177 1117 2236 haec
1129 2194 1175 2234 ve·

221 2275 289 2332 stra
309 2271 379 2332 laus
400 2273 468 2345 est,
487 2273 545 2332 hoo
566 2270 770 2348 pontificatus
790 2269 891 2330 vestri
912 2273 1006 2330 decus
1027 2272 1063 2329 et
1091 2286 1175 2328 orne·
1204 2275 1205 2280 ’

221 2368 374 2424 mentum.

281 2457 418 2516 Moestes
431 2457 611 2518 solabamur
630 2454 681 2538 bis
701 2458 822 2517 mentes
841 2454 1100 2534 cogitationibus,
1112 2469 1172 2514 cum

221 2548 411 2611 meleretum
430 2549 509 2612 illud
530 2550 754 2629 fulmen,quod
776 2568 833 2611 nos
853 2550 891 2609 de
913 2549 1036 2610 sedibus
1059 2546 1172 2608 disiecit

221 2643 420 2722 praecipites,
438 2645 537 2722 capiti
558 2648 665 2705 vestro
684 2643 808 2723 pariter
828 2644 1021 2721 impendens,
1043 2643 1110 2703 ictu
1128 2657 1171 2699 re-

221 2738 322 2814 petite
341 2740 451 2813 tonat,
472 2740 582 2812 ardet,
605 2738 704 2798 irruit
724 2741 759 2797 et
779 2737 839 2814 ipsi
859 2735 1017 2796 Ecclesiae
1036 2740 1169 2795 extrema

221 2831 402 2906 minitatur,
418 2832 446 2891 ei
466 2831 513 2892 ias
533 2835 618 2892 esset
638 2835 676 2892 ut
694 2834 805 2909 portae
824 2829 921 2891 inferi
942 2830 1168 2892 adversuseau

221 2926 435 3004 prevalerent.

282 3023 358 3084 (ium
380 3018 574 3097 temporibus
594 3017 733 3096 antiquis
753 3016 879 3080 ltaliam
892 3015 1020 3076 barbari
1040 3013 1169 3076 devasto-

222 3120 310 3188 runt,
332 3119 367 3175 et
385 3131 489 3176 arcem
509 3110 685 3176 christiani
706 3111 791 3171 orbis
804 3113 935 3172 Romam
955 3109 1113 3186 subegere,
1125 3121 1170 3162 sa·

221 3208 285 3269 eris
305 3208 417 3268 saltem
438 3205 645 3267 Pontificibus
664 3203 805 3283 pepercit
825 3203 922 3264 effere
942 3220 1049 3263 eornm
1068 3197 1168 3259 berba-

222 3301 298 3362 ries.
313 3301 393 3370 Quin
414 3302 452 3360 ad
474 3302 634 3376 aspectum
656 3298 763 3376 magni
784 3295 871 3356 illius
893 3295 960 3356 divi
980 3293 1098 3364 Leonis,
1117 3286 1166 3364 qui

223 3392 288 3455 fuit
307 3412 386 3455 nnus
407 3413 448 3454 ex
468 3393 718 3455 antecessoribus
738 3391 855 3452 vestris
868 3393 903 3451 et
912 3393 1053 3450 vestrum
1072 3397 1166 3446 exem·

223 3490 313 3568 pler,
335 3490 427 3549 stetit
453 3490 558 3550 Attila
585 3487 651 3566 ipse
679 3486 941 3559 venerabundus,
963 3486 997 3544 et
1017 3479 1165 3561 praesento
