2430 4202
18 269 183 342 afferimus;
206 269 275 346 quis
304 269 426 328 demum
458 268 522 329 erit
547 269 602 345 qui
623 286 789 347 agnoscere
810 268 966 346 faterique

18 379 47 421 ac
66 363 333 423 commemorando
362 379 554 438 summopere
583 364 798 423 commendare
826 382 886 423 non
913 365 969 423 de-

17 457 99 530 beat,
120 456 215 518 Pium
241 456 374 516 Sextum
398 454 585 514 Pontificem
614 457 650 518 Ο.
675 457 719 516 M.
749 455 803 516 diu
832 474 899 518 sese
928 457 967 518 ad

18 567 96 610 omne
118 548 272 626 Martyrii
287 565 384 625 genus
400 547 599 620 informasse,
614 565 751 624 parasse,
767 549 916 624 erexisse,
931 569 967 612 ac

17 643 312 720 praestantissimum
333 643 372 702 ad
393 640 473 701 illud
494 641 634 701 animum
657 643 821 703 habuisset

67 739 152 804 Quae
173 735 320 814 quoniam
341 737 417 796 adeo
444 735 609 814 perspicua
629 737 663 795 et
684 735 850 797 manifesta
869 739 965 811 sunt,

18 835 48 890 ut
64 849 154 892 nemo
176 830 231 902 sit,
253 829 304 889 cui
322 829 467 890 dubitare
481 830 594 904 liceat;
609 829 740 904 illudne,
756 833 869 892 Patres
883 830 967 891 Emi·

18 923 198 996 nentissimi,
221 923 427 984 dubitandum
448 924 524 997 erit,
547 941 584 983 ne
605 925 876 1001 praestantissimo
898 924 968 985 ani-

16 1033 58 1076 mo
76 1020 114 1077 et
133 1019 171 1076 ad
194 1034 284 1076 omne
305 1017 457 1094 martyrii
472 1035 569 1095 genus
583 1015 764 1091 informato,
780 1022 898 1092 erecto,
914 1035 968 1096 pa·

17 1113 99 1184 reto,
129 1109 281 1186 martyrii
305 1109 492 1170 nobilissimi
520 1108 639 1169 occasio
667 1110 820 1170 divinitus
844 1111 968 1172 tributa

17 1205 165 1266 defuerit?
184 1205 266 1264 Nam
287 1203 313 1262 si
335 1203 405 1279 quis
430 1203 473 1264 sit
493 1203 547 1280 qui
568 1203 714 1263 dubitare
736 1203 837 1276 velit3
864 1204 891 1263 is
913 1223 968 1265 an-

18 1303 61 1358 tea
80 1300 120 1357 de
140 1298 199 1356 hoc
220 1295 288 1373 ipso
315 1295 408 1367 loco,
437 1295 552 1372 inquo
578 1313 659 1354 nunc
687 1313 793 1355 sumus
821 1295 966 1371 dubitet,

17 1393 90 1452 sitne
112 1389 187 1462 alia,
210 1407 249 1450 an
271 1387 330 1448 illa
350 1388 419 1465 ipsa
439 1391 574 1466 augusta
595 1388 749 1449 Vaticana
768 1391 884 1463 Aedes,
907 1409 967 1467 quo
999 1433 1009 1456 .

16 1485 176 1546 convenire
197 1482 427 1560 comploraturi
440 1481 627 1542 Pontificem
649 1481 870 1542 debuissemus.
886 1483 966 1550 Quid

17 1580 90 1640 enim
112 1595 224 1639 causae
245 1580 315 1649 est,
338 1593 394 1635 cur
415 1575 486 1647 hic,
510 1593 571 1634 non
594 1576 711 1634 Romae
732 1576 861 1634 sumus?
888 1577 966 1642 Quid

17 1674 157 1749 estquod
178 1670 320 1742 animus,
343 1670 422 1745 quod
444 1668 527 1728 oculi
549 1685 739 1744 quocumque
762 1686 794 1727 se
815 1673 967 1744 vertant,

17 1765 146 1826 locorum
169 1764 311 1824 novitate
332 1779 429 1838 paene
452 1765 655 1822 deterrentur
674 1779 710 1820 ac
730 1761 909 1836 concidunt,
932 1782 968 1824 ac

18 1860 69 1918 sibi
91 1877 127 1917 ne
150 1859 291 1916 veterem
313 1856 435 1933 quidem
459 1853 587 1931 lugendi
601 1871 720 1914 morem
741 1853 884 1914 relictum
900 1874 968 1916 esso

17 1952 140 2030 lugenti
161 1953 288 2012 Adeone
309 1966 493 2026 quemqnam
515 1947 620 2008 hebeti
642 1948 699 2007 aut
719 1949 809 2007 tardo
829 1967 896 2009 esse
921 1950 970 2008 in-

17 2047 98 2124 genio
119 2061 220 2121 posse,
237 2042 290 2119 qui
313 2060 369 2101 nec
390 2044 484 2102 antea
505 2040 625 2112 scierit,
641 2059 697 2099 neo
720 2059 800 2100 nnnc
821 2043 970 2104 memine-

16 2141 66 2212 rit,
88 2137 181 2198 bonis
203 2154 257 2196 nos
278 2135 477 2210 fortunisque
498 2136 652 2207 omnibus,
675 2137 777 2207 domo,
800 2137 889 2209 sede,
910 2156 970 2215 pa-

17 2234 83 2305 tria,
104 2235 206 2292 Roma
227 2246 283 2307 por
304 2228 368 2287 vim
390 2228 547 2304 depulsos,
562 2228 691 2302 eiectos,
708 2231 881 2304 protrnsos,
897 2249 970 2308 pro·

16 2327 214 2401 turbatosque
236 2322 354 2384 fuisset
376 2323 463 2383 Hanc
484 2324 589 2382 antem
607 2325 728 2382 tantam
743 2323 862 2383 cladem
878 2343 972 2402 quae·

15 2435 78 2478 nam
99 2417 154 2478 vel
169 2417 290 2488 vestra,
307 2414 358 2474 vel
381 2416 490 2474 nostra
510 2413 664 2488 crimina,
686 2416 800 2476 Patres
820 2416 970 2478 Eminen-

15 2510 147 2582 tissimi,
169 2507 372 2570 attulerunt?
404 2507 508 2567 Unum
535 2510 661 2568 crimen
686 2517 732 2569 est
743 2553 754 2582 ,
778 2519 810 2570 et
830 2527 914 2582 esse,
938 2519 970 2571 et

14 2607 128 2680 fnisse,
151 2613 182 2666 ct
203 2605 334 2680 futuros
353 2618 417 2662 esse
442 2598 658 2662 Christianos.
687 2604 769 2663 Nam
794 2603 848 2680 qui
869 2622 888 2663 a
909 2608 970 2666 Re·

15 2697 133 2773 publica
152 2699 186 2760 et
205 2696 245 2754 ab
266 2694 334 2772 ipsa
354 2693 589 2756 Constitutione
609 2697 741 2772 Legum,
757 2696 898 2756 inaudito
912 2715 970 2758 an·

16 2790 100 2848 tehac
122 2787 262 2861 scelere,
289 2804 411 2846 omnem
438 2785 622 2862 religionem
651 2787 862 2864 depulerunt,
890 2788 969 2848 satis

15 2881 68 2940 boc
88 2882 155 2958 ipso
176 2878 411 2968 patefecerant,
433 2882 570 2954 quantus
591 2896 698 2940 eorum
720 2879 832 2939 animis
853 2880 971 2940 inesset

14 2974 206 3036 Christianae
221 2971 397 3050 Religionis
411 2988 516 3046 amor;
530 2971 676 3049 viamque
691 2975 895 3049 aperuerant,
909 2990 970 3050 qua

14 3064 147 3128 indicare
169 3064 347 3126 certissime
366 3082 401 3124 ac
416 3063 484 3123 sine
499 3064 626 3123 errandi
641 3063 782 3141 periculo
797 3081 968 3141 possemus,

13 3159 132 3218 tantum
154 3160 255 3218 inesse
275 3162 426 3234 qnantum
447 3157 487 3216 ab
507 3157 575 3234 ipsa
595 3157 830 3218 Constitutione
851 3175 970 3234 cogno-

14 3267 176 3312 sceremus.
201 3254 227 3314 Α
256 3251 411 3312 fructibus
438 3251 521 3310 enim
546 3268 679 3326 eorum,
701 3252 832 3312 Domino
861 3255 970 3312 nostro

14 3344 80 3403 Iesu
101 3345 227 3408 Obristo
248 3348 408 3415 monente,
431 3344 636 3420 cognoscendi
652 3348 756 3404 erant.
772 3344 833 3412 Qui
847 3344 970 3406 fructus

13 3454 110 3496 annon
132 3439 155 3497 ii
176 3438 318 3513 fuerunt,
331 3457 350 3498 a
363 3437 476 3514 quibus
490 3438 586 3497 etiam
607 3438 704 3498 inviti
719 3457 904 3517 cognoscere
919 3440 970 3498 de·
