2424 4196
603 224 781 283 -142-

213 328 317 388 dalum
339 331 489 404 reparent
509 347 545 388 eo
560 329 683 390 meliori
706 333 877 408 modo·quo
898 327 968 388 fieri
992 328 1115 406 poterit:
1129 329 1157 386 ab

212 422 252 481 iia
273 438 348 480 vero
375 420 428 496 qui
457 427 584 497 praeter
613 424 856 499 praestationem
885 423 977 482 civici
1006 419 1158 481 iuramenti

214 515 277 575 alia
299 513 485 592 gravissima
507 515 624 578 delicta
644 517 676 575 in
696 517 955 594 praecedentibus
977 515 1080 575 dubiis
1093 531 1160 573 com·

213 611 386 669 memorata
407 610 589 684 patrarunt,
604 609 773 688 exigendas
787 628 856 669 esse
878 609 1034 668 salutares
1056 611 1088 667 et
1100 625 1160 666 con·

214 700 378 760 venientes
406 700 634 761 satisfactiones
666 721 723 780 pro
744 703 899 779 qualitate
927 701 1116 774 criminum,
1136 702 1160 757 et

216 794 444 872 poenitentium
467 794 682 856 facultatibus.

274 886 415 946 Dubium
435 889 616 962 septimum.
641 889 674 950 Si
697 889 866 966 Episcopus
895 886 1058 964 praefatus
1075 885 1159 944 edicto
1204 891 1205 894 ’

215 978 344 1040 solemni
366 981 505 1039 declaret
527 999 559 1039 se
581 981 613 1038 in
640 999 696 1042 sua
717 981 855 1042 Dioecesi
871 981 987 1041 tollere
1008 996 1124 1038 omnem
1135 979 1158 1034 et
1204 965 1205 1000 ³

215 1075 411 1150 peccatorum
433 1074 466 1130 et
480 1091 681 1134 censurarum
698 1077 965 1147 reservationem,
984 1071 1116 1149 demptis
1127 1073 1162 1128 ta·
1205 1113 1206 1120 ,

214 1182 283 1222 meu
310 1168 342 1223 et
372 1163 511 1240 exceptis
544 1165 812 1227 reservationibus
835 1169 944 1226 Sedem
967 1165 1159 1242 Apostolican
1205 1147 1206 1188 ¹

215 1257 450 1334 spectantibus3
474 1275 604 1333 quaeres
634 1262 740 1318 utrum
773 1259 858 1336 ipsae
887 1257 1161 1319 reservationcsde
1203 1243 1206 1282 Ὗ

215 1353 286 1412 iure
307 1351 365 1410 tali
387 1351 489 1410 edicto
512 1351 655 1411 sublatae
677 1356 847 1412 censendae
871 1353 946 1413 sint.

274 1444 483 1520 Responsum.
499 1444 561 1502 Per
583 1444 719 1503 solemne
742 1445 880 1504 edictum
902 1445 1047 1523 Episcopi
1070 1441 1161 1509 iurati,

216 1537 405 1597 declarantis
429 1554 460 1594 se
482 1536 513 1594 iu
536 1554 591 1595 sua
612 1536 749 1596 Dioecesi
777 1537 891 1597 tollere
912 1556 1035 1597 omnem
1060 1542 1092 1597 et
1112 1553 1163 1614 pec·
1204 1571 1205 1576 κ

216 1633 358 1689 catorum
373 1632 407 1688 et
426 1647 629 1688 censurarum
649 1630 908 1704 reservationem,
922 1631 1058 1708 demptis
1077 1637 1162 1691 tamen
1204 1627 1207 1702 l

216 1727 249 1783 et
271 1722 412 1799 exceptis
439 1722 708 1784 reservationibus
735 1724 844 1783 Sedem
870 1725 1085 1800 Apostolicum
1113 1739 1165 1798 spe
1204 1712 1207 1764 i

216 1817 394 1889 utentibus,
419 1815 559 1876 sublatas
583 1816 702 1875 censeri
732 1834 792 1875 nou
814 1816 926 1875 debore
948 1817 1165 1876 reservatione

217 1909 253 1968 de
276 1911 344 1969 iure
366 1910 516 1987 Episcopo
544 1909 654 1970 iactas.

276 2005 325 2063 Ex
335 2004 463 2062 aedibus
475 2001 649 2075 Vaticanis,
660 2000 708 2060 die
716 2002 791 2061 XIV
800 1999 1164 2064 IanuariiMDGCXOVll.

868 2184 966 2245 card.
980 2187 1098 2248 Rauca.

627 2360 775 2415 112111.

499 2477 893 2548 RESPONSUM

258 2675 380 2738 Sacrae
395 2673 665 2755 Gooprapationis
676 2693 735 2752 pro
747 2675 892 2751 Nepotiis
904 2673 1138 2735 Ecclesiastico

572 2767 758 2829 Galliarum
773 2766 830 2846 (l).
1207 2721 1208 2798 l

278 2939 548 3000 Couaaaenrmad
559 2936 773 2996 ecclesiactica
786 2936 911 3012 negotia
924 2935 1099 2995 Galliarum
1112 2949 1171 3012 per·

218 3035 385 3094 tractanda
406 3031 612 3110 peculiariter
627 3030 776 3090 instituta
791 3029 952 3106 perpensis
969 3030 1089 3090 litteris
1105 3029 1167 3094 tuis,

218 3128 255 3187 ad
278 3144 333 3185 nos
356 3126 391 3185 ll
415 3124 588 3186 decembris
610 3122 751 3199 proxime
773 3121 883 3198 elapsi,
899 3125 932 3180 et
946 3122 995 3181 die
1021 3123 1058 3182 lo
1072 3122 1170 3182 ianua-

218 3217 258 3277 rii
273 3217 347 3277 acni
362 3218 519 3277 currentis
531 3217 627 3288 datis,
638 3217 704 3293 ipso
720 3232 839 3274 summo
851 3214 999 3291 pontifice
1012 3215 1169 3280 annuento,

218 3309 277 3370 tibi
300 3314 407 3371 notum
430 3310 532 3370 facere
555 3309 682 3369 statuit:

275 3425 316 3499 ’(1)
332 3446 383 3490 ear
397 3457 433 3490 un
450 3442 534 3491 anese
551 3442 585 3490 uu
603 3445 632 3490 15
648 3438 1171 3496 umctlcoran.1vcan0at1ua10m-

219 3522 327 3571 rectolre
343 3520 463 3571 Exeoutit
477 3522 509 3570 de
524 3523 622 3570 Franco
639 3523 709 3570 avolt
725 3519 809 3570 statut
826 3531 874 3579 que
887 3519 926 3568 lea
937 3517 1001 3567 bons
1012 3515 1119 3566 delivres
1128 3528 1171 3563 aux
