2426 4192
613 199 651 216 ·-
675 171 733 230 172
755 195 794 214 -

221 282 396 344 iuratorum
417 284 451 340 et
472 280 649 342 schismatis
670 279 845 340 exorientis
865 280 1015 350 fautores,
1033 279 1180 336 venturos

222 376 260 435 ad
274 375 352 448 Nos,
374 377 410 433 ut
430 374 621 452 aequitatem
644 375 813 434 iuramenti
834 374 884 433 sni
911 373 1136 451 propugnant,
1156 370 1181 425 u

222 467 414 528 damnationi
428 469 564 530 Nostrae
588 469 679 528 fldem
703 468 874 544 abrogent,
895 469 1046 544 Nosque,
1073 467 1101 524 si
1122 463 1181 521 fieri

222 561 333 636 possit,
349 560 610 623 circumveniant.
625 563 814 632 Laudamus,
827 564 864 620 Ι).
877 561 915 620 F.
932 562 972 622 N.
987 557 1182 634 diligentiam

222 661 329 726 tuam,
348 655 427 729 quod
449 655 632 732 episcopalis
660 654 753 716 officii
785 655 912 714 duxeris
940 652 1182 731 praemonendus

222 748 287 810 Nos
308 763 386 818 asse,
403 749 439 806 nt
459 748 598 807 homines
614 747 790 808 huiusmodi
812 763 1008 808 caveremus.
1024 746 1097 806 Nos
1117 759 1179 802 vcro

223 840 253 900 in
269 840 327 899 hac
340 857 445 914 causa,
460 841 566 916 quales
581 842 621 900 ab
633 841 727 901 initio
741 841 870 914 fuimus,
883 843 963 902 tales
978 839 1105 899 erimus
1118 855 1182 897 sem

223 950 291 1008 per,
313 937 350 991 ut
369 936 520 1009 appareat
542 934 620 994 nihil
644 939 761 994 temere
783 952 929 1011 umquam
951 936 1009 992 aut
1032 929 1183 1008 praeindi-

223 1025 272 1084 cio
293 1026 396 1102 aliquo
411 1027 449 1086 ab
470 1025 611 1086 Ecclesia
626 1027 706 1098 fleri,
723 1045 834 1086 verum
850 1026 954 1087 omnia
974 1025 1006 1084 in
1022 1043 1080 1096 ea,
1097 1021 1182 1082 divim

224 1117 363 1195 Spiritus
377 1119 532 1195 sapientia
546 1123 689 1195 regente,
709 1120 797 1178 cuins
811 1123 905 1179 ductu
920 1136 1034 1178 errare
1053 1135 1117 1177 non
1130 1131 1183 1191 pos

225 1229 342 1284 snmus,
354 1211 580 1272 administrari.
595 1211 678 1283 Tibi,
691 1214 727 1272 D.
740 1215 778 1272 F.
792 1215 847 1286 N.,
860 1213 1003 1290 episcopo
1014 1213 1184 1272 Ruremnn·

226 1306 302 1377 dae,
329 1304 504 1380 ceterisque
532 1304 604 1363 istis
629 1304 748 1364 Christi
769 1305 1018 1376 confessoribus,
1044 1303 1141 1366 Nobis
1157 1300 1183 1357 in

224 1397 351 1460 Christo
372 1396 553 1469 carissimis,
569 1397 772 1473 apostolicam
789 1399 1055 1470 benedictionem,
1073 1393 1183 1474 patenu

224 1495 258 1551 et
278 1490 363 1568 grati
385 1489 481 1549 animi
495 1489 606 1551 Nostri
627 1489 739 1567 pignus
753 1493 954 1567 peramanter
974 1489 1181 1565 impertimur.

277 1588 349 1645 Dat.
361 1602 400 1644 ex
412 1584 536 1643 coenob.
550 1584 695 1644 Canthus.
709 1601 806 1660 prope
817 1583 959 1643 Florent.
974 1583 1025 1642 die
1040 1584 1137 1644 XXX
1146 1581 1182 1641 lu-

226 1679 262 1738 lii
283 1678 532 1748 MDGOXOVIII,
547 1676 753 1736 Pontificatus
774 1675 885 1737 Nostri
906 1693 988 1734 anno
1008 1675 1133 1735 XXIV.

712 1770 858 1846 Iosephus
878 1768 1029 1842 Marotti,

606 1861 661 1922 SS.
679 1862 719 1922 D.
735 1863 775 1922 N.
794 1864 833 1922 ab
854 1863 999 1938 epistolis
1021 1862 1152 1921 latinis.

649 2049 762 2104 mn.

536 2175 729 2220 raunaaainr
751 2175 871 2219 rnarnr

589 2306 818 2368 FRANOISOO

537 2475 692 2554 Episcopo
721 2477 879 2536 Auriana·

414 2643 491 2719 Pl
518 2643 556 2722 U
585 2643 610 2720 S
666 2643 699 2721 P
726 2643 761 2719 Α
787 2643 883 2720 ΡΑ
928 2641 996 2718 Vl.

340 2828 428 2884 ven.
449 2826 581 2896 Frater,
602 2826 753 2884 salutem
776 2826 812 2881 et
831 2822 1073 2893 apostonoam

558 2919 853 2978 Benedictlonem.

287 3074 376 3136 Nihil
404 3092 422 3134 a
450 3074 482 3132 te
510 3070 707 3132 commissum
732 3076 800 3143 est,
827 3073 906 3130 Van.
929 3070 1070 3141 Frater,
1098 3083 1180 3148 quan

228 3171 307 3247 quod
330 3169 463 3228 nondum
491 3184 547 3244 per
569 3169 786 3243 procuratores
809 3169 880 3224 tuos
902 3164 1035 3224 visitata
1057 3165 1128 3224 sint
1146 3179 1182 3221 ss·

228 3279 282 3321 cra
296 3263 353 3322 SS.
368 3261 588 3338 Apostolorum
609 3257 746 3331 Limina,
762 3262 818 3318 aut
838 3258 930 3335 culpa
950 3259 1056 3334 aliqua
1079 3254 1183 3319 obstri-

228 3358 331 3425 ctum,
353 3357 409 3412 ant
429 3370 559 3413 censura
581 3353 647 3412 ulla
667 3351 878 3411 ecclesiastica
903 3351 1045 3411 affectum
1072 3355 1106 3411 te
1128 3365 1181 3410 esso

228 3445 414 3519 arbitreris3
437 3463 506 3506 cum
527 3443 675 3522 quidquid
698 3445 816 3504 factum
837 3461 896 3504 non
918 3448 983 3516 est,
1004 3444 1037 3503 id
1059 3445 1184 3520 propter
