2426 4192
42 289 229 352 accedentibus
242 293 314 352 ante
336 294 496 368 peractam
510 291 705 364 electionem,
723 293 911 368 potestatem
927 293 975 352 fa·

42 382 118 441 cimus
137 401 193 442 non
214 385 312 445 solum
341 387 527 448 decernendi
548 404 605 461 per
625 383 845 462 suffragiorum
867 385 973 462 plura·

41 474 139 535 litatem
160 477 196 538 de
216 478 255 538 iia
275 480 417 540 omnibus
442 498 521 558 quac
542 480 581 540 ad
602 478 764 540 Pontificis
785 477 971 538 electionem

39 569 185 645 pertinent,
201 591 310 633 verum
332 574 442 646 etiam,
454 576 613 634 transacto
627 573 777 632 consueto
799 571 969 644 dacemdio,

39 663 194 724 Pontificem
216 665 335 742 ipsum,
361 666 503 742 quamvis
524 683 585 724 non
606 665 771 740 expectato
792 666 970 723 ceterorum

39 755 223 818 cardinalium
245 760 394 833 adventu,
416 759 516 818 libere
539 775 574 818 ac
594 755 684 816 licite
705 755 853 833 eligendi3
872 757 919 816 ita
934 758 970 816 ut

37 849 77 922 qui
93 853 235 912 aduabus
256 854 362 914 tertiis
382 853 525 930 partibus
538 854 801 929 congregatorum
822 851 972 913 Gordina-

36 940 95 1001 lium
107 944 220 1006 electus
234 945 381 1006 Pontifex
401 945 510 1017 fuerit,
525 944 552 1003 is
567 944 630 1004 rite
642 944 760 1003 electus
781 945 815 1002 et
837 960 911 1003 vere
927 943 971 1004 sit

37 1037 169 1100 Romanus
189 1039 338 1101 Pontifex
359 1039 479 1102 christi
501 1037 664 1110 vicarius,
687 1040 721 1096 at
748 1036 822 1096 talis
844 1037 883 1098 ab
904 1038 972 1097 uni-

35 1146 109 1189 versa
119 1133 255 1194 Ecclesia
268 1133 395 1211 agnosci
416 1137 509 1210 atque
524 1131 634 1192 haberi
649 1131 771 1190 debeat.
788 1131 970 1190 Mandemus

34 1227 174 1296 praeterea
195 1232 231 1287 nt
250 1229 308 1287 hae
329 1227 458 1287 litterae
487 1224 676 1302 apostolicae
709 1223 886 1284 voluntatis
906 1224 971 1285 No-

34 1318 114 1391 strae,
134 1320 233 1396 prima
254 1321 304 1380 die
325 1321 357 1379 in
379 1323 498 1396 quaed
521 1317 671 1395 suffragia
691 1316 873 1379 cardinales
897 1334 971 1376 con-

33 1413 166 1486 venerint,
188 1414 292 1492 palam
314 1413 500 1486 recitentur,
517 1416 550 1472 et
564 1412 590 1472 si
613 1430 674 1488 qua
687 1412 719 1470 in
733 1427 768 1470 re
790 1414 845 1471 aut
868 1410 969 1470 inter·

33 1506 185 1576 pretatione
199 1511 257 1567 aut
270 1508 481 1568 declaratione
494 1506 599 1584 aliqua
610 1505 753 1582 indigere
765 1503 967 1578 videbuntur,

33 1595 55 1651 id
73 1615 122 1672 per
141 1583 368 1662 sententiarum
390 1599 609 1677 pluralitatem
631 1599 670 1657 ab
691 1597 798 1657 iisdem
821 1597 970 1658 cardina-

33 1687 156 1770 libusqui
177 1695 360 1772 congregati
381 1694 502 1753 fuerint
522 1693 753 1769 interpretetur
773 1709 809 1750 ac
829 1690 968 1750 declare-

32 1785 82 1857 tur,
99 1788 141 1848 ita
161 1793 197 1849 ut
218 1789 366 1868 quidquid
389 1807 407 1848 a
429 1789 538 1848 maiori
560 1791 651 1865 parte
672 1786 883 1848 cardinalium
899 1804 969 1844 con·

33 1884 208 1956 gregatorum
220 1883 430 1944 constitutum
442 1885 499 1943 hac
511 1883 633 1942 ratione
648 1880 758 1952 fuerit,
771 1880 801 1939 id
814 1879 968 1960 habeatur

31 1972 133 2042 perinde
147 1995 182 2036 ae
204 1977 378 2053 apostolica
396 1976 587 2038 auctoritate
609 1979 692 2034 esset
706 1991 725 2033 a
737 1975 766 2035 N
769 1973 836 2033 obis
849 1975 969 2036 consti-

32 2065 124 2127 tutum.
139 2069 218 2136 Quia
231 2087 307 2128 vero
322 2086 372 2128 res
393 2071 431 2128 de
446 2088 506 2146 qua
521 2068 629 2146 agitur
643 2068 725 2128 tanti
740 2067 889 2126 momenti
905 2070 965 2142 est,

32 2157 57 2212 ut
73 2159 105 2216 ab
124 2179 158 2220 ea
178 2161 379 2238 potissimum
400 2165 435 2222 ct
453 2165 579 2222 matura
600 2160 762 2220 Pontificis
783 2161 911 2234 electio,
935 2165 968 2221 et

30 2251 176 2313 catholicae
198 2254 331 2314 unitatis
352 2253 562 2325 conservatio,
582 2257 615 2312 et
635 2253 792 2313 Ecclesiae
814 2255 968 2331 tranquil·

30 2337 86 2402 litas
99 2349 230 2422 pendere
252 2347 410 2420 videatur,
425 2348 501 2419 Nos,
518 2348 642 2405 utentes
663 2346 833 2422 apostolica
847 2349 876 2409 N
879 2352 967 2408 ostra

29 2439 207 2513 auctoritato,
219 2439 253 2499 in
268 2439 391 2500 virtute
405 2442 531 2500 sanctae
545 2439 739 2499 obedieutiae
753 2445 786 2500 et
797 2442 853 2500 sub
867 2459 967 2517 poena

29 2535 346 2607 excommunicationis,
364 2535 571 2612 praecipimus
587 2554 624 2594 ne
646 2536 714 2612 quis
729 2555 746 2595 e
761 2553 847 2596 sacro
868 2538 969 2598 colle-

28 2622 67 2696 δίο
84 2629 292 2692 cnudinalium
319 2629 367 2688 fas
389 2629 448 2688 sibi
470 2647 536 2689 esse
557 2629 668 2705 quovis
695 2633 863 2706 praetextu
885 2632 968 2692 arbi-

29 2717 116 2780 tretur
134 2723 183 2782 his
204 2740 283 2799 quae
304 2739 323 2780 a
342 2721 450 2795 Nobis,
473 2739 531 2798 per
551 2723 606 2781 has
627 2721 746 2784 alteras
766 2723 899 2783 Nostrae
913 2724 967 2784 lit

30 2809 113 2888 teras,
133 2816 327 2893 praescripta
345 2820 438 2887 sunt,
461 2817 563 2875 animo
584 2815 686 2875 minus
706 2819 851 2892 prompto
874 2821 966 2894 atque

28 2901 187 2983 obsequenti
212 2926 407 2986 repugnare;
429 2908 566 2984 quinimo
595 2909 739 2968 volumus
768 2912 803 2968 nt
826 2909 965 2969 universi

28 2993 131 3073 singula
151 3019 290 3079 quaeque
311 3019 439 3062 servare
462 3006 554 3078 atque
576 3002 686 3077 exequi
709 3003 888 3061 teneantur.
904 3002 968 3062 lta-

27 3103 83 3163 que,
102 3111 155 3169 per
174 3095 300 3155 viscera
319 3093 553 3156 misericordiae
574 3094 631 3156 Dei
653 3093 775 3165 Nostri,
798 3110 854 3169 per
875 3093 967 3153 diffu-

27 3195 76 3242 sam
95 3185 124 3245 in
145 3187 291 3248 cordibus
311 3189 438 3262 Nostris
469 3188 576 3249 Dividi
605 3187 744 3265 Spiritus
764 3185 965 3257 charitatem,

27 3289 112 3353 ceper
124 3300 191 3341 eam
213 3282 400 3342 sacramenti
418 3282 604 3360 religionem
625 3300 686 3358 qua
708 3280 917 3357 unusquisque
932 3282 965 3341 in

27 3382 129 3432 sacrum
149 3375 363 3437 cardinalium
384 3376 552 3453 collegium
566 3379 730 3453 cooptatus
744 3393 810 3434 sese
832 3375 969 3436 obstrin-

25 3458 64 3519 xic
81 3466 183 3526 tuendi
205 3486 240 3528 ac
269 3468 453 3528 defendendi
475 3469 593 3529 christi
615 3467 788 3528 Ecclesiam
811 3470 966 3547 usquead
