2430 4202
429 192 609 254 -319-

87 298 207 360 Intrusi
221 315 330 358 omncs
342 298 475 359 nulliter
486 297 592 358 electi.
606 300 630 359 1.
643 297 712 360 155.
721 297 999 360 -lurisdictionem

33 393 276 454 eeclesiasticam
298 392 358 452 sibi
380 395 565 468 arrogantes
581 392 813 469 suspensionem
829 393 998 454 incurrunt

36 487 103 547 Sedi
116 485 323 564 Apostolicae
345 490 553 558 reservatam,
572 485 622 545 vel
640 486 708 546 eius
725 487 890 564 delegatis.
904 489 929 547 l.
944 487 1003 547 157

34 585 148 658 etseq.·
158 581 377 640 Anathemats
387 579 600 652 feriendi‚nisi
615 581 1003 658 resipiscant.l.l58.·Ne-

38 677 110 750 gant
130 674 334 734 authentiam
349 673 547 734 Litterarum
563 674 683 734 Summi
697 675 871 736 Pontificis.
885 678 913 736 Ι.
929 677 1000 736 274.

21 760 230 828 'Praetexunt
257 767 384 828 civilem
411 767 545 827 formam
569 768 601 826 in
626 768 703 845 ipsis
726 771 877 841 deficere3
907 787 998 847 quam

33 860 200 921 immerito.
227 861 308 922 Ibid.
325 893 341 906 -
355 863 497 922 Secunda
516 865 549 922 et
571 862 673 923 tertia
698 863 828 924 monitio
853 863 1000 924 canonica

34 954 178 1014 adversus
200 971 267 1014 eos.
283 956 307 1014 I.
323 955 395 1028 276,
411 947 481 1016 277.
491 985 506 1000 -
517 955 619 1015 Multo
634 957 734 1032 magis
748 957 807 1029 rei,
820 975 912 1034 quam
928 956 1002 1017 sima

35 1046 125 1121 plices
142 1047 259 1108 iurati.
275 1048 299 1107 1.
316 1046 386 1106 317.
400 1078 417 1092 -
429 1048 535 1108 Edunt
550 1047 645 1110 falsas
663 1047 791 1110 litteras
803 1049 997 1110 Pontificias.

35 1139 272 1216 1323111111.

88 1232 212 1293 Intrusi
226 1232 363 1292 Parochi
385 1233 527 1310 suspensi
549 1235 588 1296 ab
609 1236 717 1296 ordine
738 1233 934 1295 'sacerdotali
962 1252 1002 1294 ax

34 1321 96 1399 ipsa
123 1343 181 1388 sua
210 1325 550 1403 pseudo-institutione.
573 1328 598 1386 Ι.
623 1327 898 1398 157,158.-011111
927 1326 1001 1386 aliis

35 1414 163 1480 intrusis
186 1419 315 1480 secundi
329 1419 446 1480 ordinis
462 1419 494 1480 vi
516 1419 631 1479 indulti
648 1419 805 1497 generalis
819 1419 908 1480 Sedis
921 1421 1002 1495 Apo·
1079 1473 1083 1482 .

38 1511 163 1574 stolicae
186 1514 319 1591 possunt
339 1512 463 1571 absolvi
489 1531 508 1573 a
532 1512 596 1571 suia
616 1513 776 1590 Episcopis
799 1513 849 1572 vel
875 1529 1002 1572 suarum

37 1603 223 1667 dioecesium
245 1604 575 1677 administratoribus;
598 1606 654 1666 sub
679 1606 790 1683 quibus
815 1604 1003 1665 conditioni-

36 1694 98 1757 bus.
113 1701 137 1760 Ι.
152 1699 227 1772 320,
241 1700 312 1759 321.
329 1701 362 1759 11
376 1698 414 1758 ab
429 1697 590 1776 Episcopis
605 1700 715 1759 Status
730 1699 901 1771 Pontificii‚
925 1700 952 1758 si
968 1717 1004 1758 eo

38 1791 248 1870 confugerint.
265 1793 304 1852 II.
319 1793 349 1853 6.
363 1792 436 1852 -lbi
451 1796 525 1852 ante
539 1792 803 1869 dispensationem
824 1793 862 1852 ab
880 1792 1003 1870 irregu-

38 1881 166 1947 laritate
192 1888 319 1947 incursa
340 1885 482 1962 suspensi
507 1891 671 1946 remanent
697 1887 735 1946 ab
755 1885 916 1946 ordiuibus
939 1885 1003 1946 suis

38 1977 136 2055 aliquo
163 1984 306 2056 tempore
328 1979 488 2038 moderate
509 1978 684 2039 definiendo
709 1979 747 2038 ab
768 1978 929 2056 Episcopis
950 1978 1002 2038 vel

41 2070 176 2134 vicariis
186 2091 296 2134 eorum
308 2073 524 2132 Generalibus.
535 2072 666 2132 Ibid.-A
679 2072 744 2131 solo
755 2073 882 2131 Summo
895 2072 1004 2131 Ponti-

38 2160 91 2224 rice
113 2171 246 2243 possunt
260 2166 380 2226 habiles
397 2165 485 2227 reddi
502 2163 677 2225 retinendis
692 2164 854 2226 Parochiis
869 2182 1005 2242 usurpa-

39 2253 88 2315 tis.
101 2259 125 2317 Ι.
139 2259 199 2319 321
215 2260 323 2334 etseq.
337 2258 408 2317 337.
431 2289 445 2304 -
465 2257 632 2317 Beneficiis
651 2275 726 2317 vero
748 2261 821 2318 ante
851 2256 1003 2317 intrusio·

41 2363 108 2408 nem
123 2351 269 2429 legitime
284 2349 448 2428 acquisitis
469 2368 529 2410 non
551 2351 618 2428 ipso
641 2351 709 2410 iure
731 2351 912 2428 privantur.
929 2351 1001 2415 338.

95 2444 273 2504 Iubilaeum
297 2443 458 2502 indictum.
476 2445 500 2503 1.
518 2443 590 2503 353.

94 2536 169 2595 Iura
183 2535 320 2594 hominis
334 2554 353 2596 a
368 2539 524 2597 conventu
537 2536 700 2597 Gallicano
713 2537 880 2614 explicata.
894 2539 919 2597 Ι.
930 2537 1002 2598 379.

43 2626 193 2705 religioni
214 2631 248 2687 et
269 2615 416 2688 societati
434 2630 646 2689 adversantia.
663 2631 688 2689 Ι.
708 2630 775 2690 183.

99 2723 318 2782 loramentum
345 2721 555 2798 Anglicanum
583 2722 780 2799 improbetur
801 2741 820 2784 a
840 2723 940 2783 Panlo
962 2724 1001 2784 V.

39 2811 62 2872 Ι.
79 2816 150 2892 435,
167 2816 240 2876 438.

97 2910 313 2970 iuramentum
337 2907 470 2969 civicum
499 2926 641 2968 errorum
671 2909 808 2969 omnium
829 2910 1003 2969 venenatus

40 2993 107 3058 lons
130 3005 163 3061 et
186 3001 285 3079 orig0.
304 3002 328 3060 Ι.
348 3000 416 3060 154.
430 3001 639 3061 -Habeudum
662 3006 697 3061 ut
719 3003 893 3079 periurium
908 3006 941 3061 et
956 3019 1004 3061 sa·

39 3091 214 3171 orilegium.
232 3097 256 3155 I.
275 3094 346 3167 145,
369 3094 437 3154 146.
454 3094 559 3162 -Quid
590 3098 626 3154 de
654 3095 831 3156 iuramento
860 3094 1002 3156 exterius

43 3189 166 3248 tantum
189 3191 352 3266 praestito.
383 3186 434 3247 58.
465 3184 575 3248 vel'ob
597 3189 806 3266 ignorantiam
834 3195 867 3250 11
891 3190 1004 3248 bonam

41 3275 142 3342 fidem.
166 3284 205 3342 ll.
232 3283 300 3343 129.
317 3281 506 3343 -Oatholico
533 3283 642 3358 quovis
674 3284 798 3342 homine
824 3283 1000 3360 indignum.

42 3367 66 3428 1.
86 3372 153 3434 187.
167 3376 275 3436 -Illud
298 3377 507 3452 praestantes,
523 3376 676 3435 haeretici
700 3384 805 3437 notam
822 3377 925 3436 vitare
950 3396 1003 3436 ne-

42 3471 167 3536 queunt.
179 3469 202 3529 l.
215 3468 285 3528 125.
297 3500 310 3514 -
321 3469 488 3530 Morantur
507 3469 652 3530 canonice
668 3476 704 3531 ut
718 3471 917 3548 resipiscant.
929 3470 1000 3532 265.
