2488 4204
219 315 279 376 uiis
301 315 421 388 iuncti,
442 315 474 374 in
501 315 680 376 adulterino
702 319 908 392 perseverant
935 313 1119 386 consortio,
1140 332 1190 374 co·

119 418 122 424 '
220 409 334 486 gendos
346 425 412 469 esse
424 407 532 485 poenis
544 408 775 486 spiritualibus,
790 411 826 468 ut
839 406 1020 469 adulterino
1031 408 1189 468 consortio
1238 467 1239 480 ,

220 502 384 575 derelicto,
400 503 438 564 ad
460 499 636 578 legitimam
657 503 788 562 redeant
807 501 981 579 coniugem.
997 504 1060 563 lios
1082 506 1190 563 autem
1238 539 1239 544 κ

220 593 273 671 qui
294 593 399 655 irritis
414 595 506 672 plane
527 594 736 656 matrimoniis
750 597 783 657 in
798 594 968 660 fornicario
984 599 1191 672 perseverant
1237 597 1239 682 l

220 687 392 761 consortio,
407 687 595 765 separandos
608 705 688 760 esse,
704 693 738 749 et
757 691 911 765 quatenus
931 688 1191 764 impedimentum
1238 695 1239 764 ᾖ

221 781 388 859 proveniat
409 798 448 840 ex
469 781 682 842 ecclesiastico
709 782 778 842 inre
807 784 954 854 matum,
979 783 1191 858 quaerendam
1237 803 1238 836 ς

221 893 289 936 esse
310 875 489 936 canonicam
512 875 784 952 dispensationem.

282 971 432 1045 Sequitur
454 969 553 1030 tertia
567 969 731 1030 dubiorum
752 971 873 1032 classis.
889 970 1047 1037 Quaenam
1069 967 1192 1028 scilicet
1236 961 1237 982 ³

222 1063 378 1138 postremo
399 1062 557 1123 sententia
577 1063 712 1124 tenenda
726 1064 769 1124 sit
788 1066 826 1122 de
847 1062 898 1136 iis,
915 1061 969 1139 qui
989 1079 1060 1121 cum
1084 1063 1125 1122 ad
1142 1079 1191 1139 pa-

221 1156 350 1221 rochum
364 1159 420 1216 aut
434 1156 624 1233 superiorem
640 1157 818 1235 legitimum
834 1157 1028 1228 nullatenus,
1043 1159 1104 1216 aut
1119 1173 1192 1216 non·

222 1248 282 1308 nisi
294 1249 477 1310 difficillime
489 1255 545 1311 aut
556 1251 817 1328 periculosissime
827 1267 992 1312 recurrere
1003 1249 1191 1326 possint‚vel

223 1343 343 1403 nullum
357 1343 454 1403 alium
476 1344 597 1420 possint
618 1345 706 1405 adire
721 1345 812 1422 quam
833 1345 1002 1423 parochnm
1018 1343 1192 1402 iuramenti

220 1442 277 1499 aut
290 1436 515 1496 communionis
527 1437 744 1499 schismaticae
753 1437 912 1512 reum‚alii
924 1454 1027 1497 coram
1036 1442 1191 1496 extraneo

221 1537 381 1596 sacerdote
392 1536 604 1608 celebrarunt,
616 1536 673 1597 alii
691 1553 795 1597 coram
812 1537 966 1597 saeculari
984 1535 1190 1613 magistratu.

282 1632 396 1691 Utrum
426 1630 575 1691 videlicet
603 1635 762 1707 tamquam
791 1630 903 1691 irritae
925 1647 1054 1707 prorsus
1083 1627 1193 1688 haberi

223 1724 356 1784 debeant
377 1725 504 1800 nuptiae
526 1723 751 1796 huiuscemodi,
766 1724 869 1800 sicque
893 1725 1045 1783 nubentes
1067 1722 1107 1782 ad
1133 1722 1194 1782 alia
1233 1718 1234 1729 ’

222 1819 300 1876 vota
321 1817 457 1877 transire
479 1818 627 1887 valeant3
650 1819 707 1877 aut
727 1817 753 1875 si
775 1816 900 1876 foedere
922 1817 1028 1894 aliquo
1050 1816 1196 1877 vineian·
1232 1801 1235 1859 ‘i

224 1913 289 1979 tur,
306 1912 412 1968 utrum
428 1908 573 1982 invitari,
590 1916 646 1969 aut
665 1911 812 1987 compelli
827 1911 961 1970 debeant
979 1910 1016 1968 ad
1039 1908 1195 1986 recipien-

223 2004 291 2062 dam
315 2020 423 2064 avere
445 2003 600 2063 Ecclesiae
623 2003 770 2063 ministro
786 2021 904 2064 sacram
929 2002 1129 2063 matrimonii
1145 2003 1196 2062 be-

224 2096 443 2155 nedictionem.
1232 2116 1236 2187 p

284 2191 322 2248 R.
339 2189 386 2246 Ad
403 2187 530 2246 dubium
547 2188 683 2258 unicum,
698 2188 899 2250 matrimonia
910 2196 1075 2250 eontracta
1087 2209 1195 2253 coram
1233 2192 1236 2201 '

224 2280 377 2340 saeculari
399 2281 607 2357 magistratu,
631 2287 687 2341 aut
707 2299 811 2343 coram
833 2286 984 2344 extraneo
1005 2288 1194 2354 sacerdote,
1237 2279 1238 2312 ³

224 2391 293 2435 cnm
315 2376 538 2434 contrahentes
564 2375 601 2434 ad
632 2375 800 2452 parochum
821 2382 877 2437 aut
898 2378 1094 2454 superiorem
1117 2378 1197 2457 legi·
1235 2363 1236 2366 ¹

225 2468 337 2528 timum
367 2468 564 2540 nullatenus,
595 2472 650 2527 aut
671 2469 800 2530 nonnisi
831 2468 1015 2530 difficillime
1036 2489 1090 2530 seu
1112 2474 1197 2550 peri·
1236 2517 1237 2526 ,

225 2561 417 2622 culosiasime
439 2579 603 2622 recurrere
619 2563 749 2639 possint,
766 2581 832 2622 esse
855 2563 972 2637 valida,
989 2565 1113 2642 quoties
1138 2569 1195 2626 duo

225 2657 339 2716 saltem
361 2656 532 2717 adfuerunt
563 2661 682 2728 testes,
710 2657 801 2718 iuxta
830 2659 1036 2720 resolutiones
1066 2665 1196 2721 sanctae
1235 2725 1236 2732 ἵ

226 2751 478 2828 congregationis
505 2751 636 2812 concilii
658 2753 690 2810 in
713 2769 808 2812 causa
828 2752 932 2829 Belgii
961 2753 1022 2812 diei
1043 2753 1085 2812 27
1106 2755 1194 2815 Mar·

226 2843 265 2902 tii
289 2845 378 2916 1732,
395 2844 427 2902 in
449 2843 513 2904 alia
534 2843 595 2902 diei
616 2845 656 2906 30
676 2844 787 2905 Martii
811 2845 899 2915 1669,
916 2847 949 2904 et
964 2846 1056 2905 iuxta
1076 2847 1197 2907 resolu-

227 2938 343 2998 tionem
358 2937 613 3015 congregationis
630 2937 731 2998 sancti
745 2937 845 2998 Officii
860 2939 891 2996 in
907 2956 1000 2998 causa
1013 2939 1195 3014 provinciae
1234 2981 1235 3022 q

227 3031 437 3091 Malabaricae
452 3031 513 3089 diei
534 3031 644 3089 8Maii
669 3031 757 3102 1669,
781 3030 939 3108 inquibus
961 3031 1105 3103 adhaesit
1118 3033 1196 3093 haec

227 3125 429 3203 particularis
451 3126 653 3203 congregatio
668 3128 699 3185 in
723 3125 913 3186 resolutione
932 3127 1025 3203 capta
1046 3126 1096 3188 die
1111 3127 1197 3188 2111-

228 3219 272 3277 nii
294 3219 474 3296 praeteriti,
490 3218 522 3277 in
546 3221 744 3296 responsione
759 3222 796 3279 ad
813 3219 976 3295 epistolam
990 3218 1196 3279 Lucionensis

228 3312 362 3388 episcopi
378 3314 389 3388 (
395 3312 435 3388 1);
448 3312 618 3371 monendos
632 3317 738 3374 tamen
753 3330 819 3372 esse
834 3314 1056 3372 contrahentes
1072 3317 1111 3372 ut
1124 3331 1197 3373 con·
1233 3359 1234 3370 2

290 3440 324 3496 (l)
343 3439 437 3486 Teates
453 3439 491 3486 les
508 3439 557 3485 tols
574 3451 622 3498 qne
640 3440 704 3486 cette
720 3437 841 3486 difficultd
858 3441 918 3486 s'eat
933 3436 1143 3496 praesumemus
1154 3437 1196 3485 l’t·

229 3517 300 3577 guas,
318 3517 368 3565 elle
385 3531 402 3565 a
417 3515 457 3565 ets
473 3513 574 3564 decides
591 3515 622 3562 dc
638 3515 664 3563 la
681 3513 760 3563 mtme
770 3513 889 3563 manttre.
909 3518 946 3562 La
960 3513 1046 3562 asarta
1057 3515 1196 3576 congrega-
