2430 4202
414 214 595 276 -291-

121 319 262 392 Franco,
292 322 326 380 et
346 319 424 396 qu'il
445 339 463 380 a
485 321 556 381 bien
585 324 681 384 voulu
710 329 859 388 accorder
877 329 908 389 le
1088 401 1091 408 p

124 412 162 470 17
181 411 315 474 Jauvier
337 412 416 473 1794
459 457 790 478 .......
823 439 904 500 pag.
947 427 988 486 71

13 506 101 565 1794
123 503 161 563 18
181 504 323 564 Ianuarii
336 536 350 551 ·
363 505 440 565 Etsi
460 515 568 568 notae.
585 505 697 570 Yvoni
713 515 907 577 Alexandro

118 599 395 669 archiepiscopo
426 602 663 670 magdunensi.
689 605 783 665 Dolet
803 608 906 668 vicem

117 693 412 754 Ecclesiasticorum
432 712 449 753 e
472 695 578 757 Gallia
592 697 808 777 profugorum,
820 705 908 783 Lug-

119 788 307 848 dunensium
328 789 540 864 praesertim;
563 807 659 868 eoque
681 795 803 872 magis,
826 800 907 873 quod

120 883 160 942 ob
183 883 344 960 ingentem
365 882 651 946 ecclesiasticorum
677 889 906 968 emigraturum

118 993 285 1036 numerum
307 975 396 1035 88118
412 993 463 1036 eos
478 995 534 1054 ope
549 979 638 1039 valet
651 982 814 1044 adiuvare.
830 985 907 1047 Mit-

118 1070 163 1130 tit
191 1070 385 1147 encyclicam
413 1071 580 1147 epistolam
609 1076 696 1152 typis
723 1077 905 1155 vulgatam,

115 1181 180 1240 qua
210 1163 315 1239 populi
344 1163 526 1224 invitantur
552 1166 590 1226 ad
619 1167 838 1228 conferendam
872 1171 906 1231 iu

117 1273 281 1315 commuue
309 1255 446 1334 stipem,
476 1258 565 1317 ouius
592 1262 626 1318 et
657 1260 851 1337 colligendae
872 1267 906 1325 et

116 1351 385 1412 transmittendae
417 1369 525 1412 curam
560 1354 698 1430 suscepit
729 1354 906 1416 cardinalis

115 1445 275 1506 Mundus
303 1447 448 1505 Anconae
475 1446 658 1524 Episcopus.
690 1447 796 1508 Mittit
823 1449 906 1525 pari-

118 1542 172 1598 ter
193 1539 370 1615 exemplum
392 1538 576 1599 litterarum
592 1539 642 1599 die
656 1541 693 1601 21
716 1542 905 1602 Novembris

116 1633 194 1692 anni
212 1633 290 1694 1792
304 1633 450 1694 datarum
466 1635 502 1694 ad
520 1633 704 1694 universum
719 1636 905 1697 Germaniae

115 1726 250 1800 clerum,
272 1727 384 1803 quibus
405 1726 497 1786 illum
518 1726 775 1788 hortabatur-ad
800 1747 906 1790 ueces-

113 1819 234 1879 sarium
254 1819 341 1880 vitae
353 1820 545 1896 praesidium
559 1821 726 1898 emigratis
742 1825 905 1897 praestan-

114 1913 202 1972 dum.
226 1913 373 1990 Indulget
395 1916 533 1988 tandem,
558 1918 593 1974 ut
614 1911 751 1992 quinque
772 1917 829 1974 ant
850 1931 906 1974 sex

117 2005 281 2066 colerioie
305 2006 417 2067 mittat
459 2050 843 2067 ........
886 2025 905 2068 a
945 2011 985 2071 73

114 2101 157 2160 22
178 2099 317 2160 18888811
331 2131 345 2145 -
359 2099 435 2159 Etsi
454 2108 562 2160 notae.
586 2102 743 2161 Martiali
755 2104 905 2161 Alexan-

114 2199 178 2255 drc
199 2196 374 2265 Episcopo
396 2196 624 2267 Pictaviorum,
647 2197 798 2265 aliisque
825 2199 906 2267 Epi·

115 2290 236 2359 scopis
247 2291 361 2348 Gallis
371 2289 536 2360 Friburgi
550 2289 851 2349 commorantibus.
860 2291 905 2349 De

115 2384 224 2442 eodem
245 2398 281 2441 aa
302 2381 332 2439 in
356 2382 556 2458 praecedeuti
571 2381 706 2459 epistola
725 2382 793 2460 agit
807 2400 905 2461 argu-

113 2478 235 2548 mento,
257 2474 429 2553 iisdemque
451 2474 517 2536 fore
531 2476 638 2536 verbis
653 2477 839 2554 respondet,
852 2477 906 2537 ul-

114 2568 195 2630 tima
216 2568 432 2627 tantummodo
454 2572 586 2645 excepta
607 2569 805 2629 concessione
832 2615 840 2631 .
884 2585 903 2631 a
947 2570 991 2631 75

114 2663 155 2722 24
177 2661 318 2721 Ianuarii
332 2692 349 2706 -
363 2661 420 2720 aa
433 2664 561 2723 litteris.
575 2667 713 2724 Urbano
725 2667 899 2736 Episcopo

70 2777 74 2793 ¹
113 2756 269 2817 Doleusi.
292 2756 434 2830 Gaudet,
463 2756 678 2815 Marchionem
698 2759 735 2816 do
757 2759 900 2834 Dresuay

112 2847 271 2908 delectum
286 2846 381 2908 inisse
401 2850 440 2908 ad
462 2848 659 2924 imperandae
673 2849 902 2910 catholicorum

114 2943 149 3000 et
169 2940 329 3017 regiorum
350 2941 489 3001 militum
511 2939 625 3018 copias,
649 2943 682 3000 et
703 2940 904 3017 reintegran-

113 3034 191 3092 dum
204 3049 310 3092 rerum
325 3034 479 3108 ordinem,
495 3035 530 3093 et
543 3033 705 3110 antiquam
720 3033 902 3109 provinciae

112 3125 299 3186 Britanniae
320 3127 600 3187 constitutionem:
625 3128 658 3185 et
679 3125 789 3187 laudat
810 3125 903 3186 huius

113 3221 254 3281 studium
273 3221 487 3282 restituendae
507 3221 574 3282 illic
590 3219 764 3282 catholicae
776 3220 904 3298 religio·

111 3315 173 3376 nis.
197 3316 400 3377 commendat
421 3317 523 3393 ipsum
544 3316 752 3392 Episcopum,
772 3333 808 3374 eo
823 3315 904 3392 quod

61 3445 66 3453 ·
112 3408 153 3468 ad
175 3407 365 3468 removenda
379 3409 493 3468 damna
507 3406 601 3468 illata
615 3424 634 3466 8
648 3405 771 3467 Guillot
782 3407 820 3466 de
831 3407 905 3468 Fol-

112 3500 225 3561 lerille
238 3502 380 3562 Parocho
394 3500 521 3562 Dolanei
537 3518 649 3562 nomen
664 3500 908 3563 auctoritatem·

864 3606 882 3642 t
