2424 4196
624 223 663 236 -
683 192 725 254 90
746 224 784 238 ..

219 299 296 360 item
318 299 429 360 iisdem
452 294 636 360 facultatem
657 300 816 359 concessit
836 298 1003 376 delegandi
1026 301 1082 360 has
1104 301 1164 376 ipsas

218 395 389 457 facultates
417 396 635 456 sacerdotibus
663 397 724 456 sibi
753 397 831 454 benc
853 393 954 466 visis,
978 394 1164 465 coniuratis,

219 508 281 549 nou
303 488 448 560 intrusis,
465 506 563 565 neque
581 489 744 549 schismati
764 487 877 566 quovis
892 491 982 548 modo
996 489 1165 548 faventibus.

131 632 134 638 ,
220 583 301 649 Quas
329 581 499 642 facultates
527 582 704 642 declaravit
730 583 905 660 perdurare
932 583 971 642 ad
1000 583 1165 656 annum,si
1200 643 1201 664 ζ

220 676 340 736 tamdiu
357 665 472 735 'horum
495 678 670 753 temporum
693 675 857 737 calamitas
879 679 1116 752 perduraverit.
1197 671 1201 744 ,s

280 769 312 830 2.
327 769 406 834 Quid
430 772 584 846 agendum
597 788 667 828 cnm
683 771 818 845 parocho
833 770 1001 848 utriusque
1015 770 1166 832 iuramenti
1196 773 1197 816 f

220 864 343 924 macula
365 862 499 939 polluto,
521 868 554 923 et
576 881 657 922 nunc
679 863 906 940 poeniteutiam
929 869 1073 941 petente,
1098 885 1166 943 quen
1197 929 1198 932 Ἴ

221 962 348 1017 constat
369 957 658 1034 pseudo-episcopo,
682 957 845 1018 schismati
866 958 1031 1018 multoties
1052 957 1167 1020 favisset
1196 965 1197 1017 l

220 1052 287 1118 Qua
307 1051 432 1111 ratione
452 1050 512 1126 ipsi
534 1050 725 1127 iniungenda
746 1051 946 1124 retractatio,
967 1071 1059 1129 quam
1083 1055 1111 1113 si
1129 1073 1166 1130 pn·
1201 1047 1202 1055 ’

222 1144 335 1205 blicam
357 1145 497 1214 emittat,
521 1143 719 1203 ineluctabili
741 1163 815 1204 nece
837 1145 946 1205 statim
969 1147 1142 1222 plectetnrl
1200 1144 1202 1149 ’

281 1239 323 1297 R.
339 1240 383 1298 Ad
399 1240 535 1316 primum
549 1238 677 1297 dubium
692 1239 925 1297 rescribendum
948 1239 1166 1300 mandavitre·
1197 1305 1198 1308 Ἴ

221 1331 312 1408 gulas
333 1333 503 1391 servandas
524 1348 581 1407 pro
603 1329 859 1391 reconciliatione
872 1332 1001 1408 parochi
1023 1332 1166 1407 utriusque
1196 1373 1203 1416 ,p

220 1424 391 1485 iuramenti
413 1425 535 1484 macula
556 1423 685 1500 polluti,
709 1442 791 1482 nuuc
812 1442 889 1484 sero
911 1426 1117 1502 poenitentis,
1130 1442 1167 1502 pro
1196 1403 1203 1431 l

220 1537 256 1578 eo
278 1518 417 1595 praecise
437 1519 517 1594 quod
540 1520 665 1593 spectat
685 1517 779 1593 primi
801 1516 972 1576 iuramenti
994 1519 1167 1594 praestatio

222 1631 304 1684 nem,
319 1610 509 1672 constitutas
530 1613 569 1670 ab
583 1611 688 1671 eadem
706 1611 883 1670 Sanctitate
899 1629 955 1670 sna
969 1609 1066 1670 fuisse
1082 1611 1115 1669 in
1128 1609 1169 1670 lit·

220 1705 298 1766 teris
320 1704 515 1781 apostolicis,
537 1704 599 1763 diei
623 1705 662 1765 19
682 1703 792 1764 martii
815 1703 963 1781 1792(1);
980 1722 1037 1780 pro
1052 1721 1089 1763 eo
1111 1719 1168 1762 vero
1197 1736 1198 1740 =

222 1801 302 1877 quod
325 1801 448 1876 spectat
469 1798 593 1858 secundi
614 1796 789 1858 iuramenti
811 1797 1070 1873 praestationem,
1097 1814 1170 1874 paro

220 1894 312 1952 chum
328 1892 492 1950 consulere
506 1891 618 1958 debere
633 1889 846 1950 conscientiae
861 1908 947 1963 suae,
963 1908 1033 1949 cum
1049 1891 1080 1949 in
1097 1889 1171 1948 dnbio

221 1987 329 2046 iurare
351 2003 411 2044 non
441 1984 548 2044 liceat.
571 1987 701 2052 Damam
723 1982 858 2044 attentis
879 1983 1092 2060 peculiaribus
1112 1981 1171 2044 iacti
1199 1977 1200 2007 ³

220 2079 487 2150 circumstantiis,
510 2078 643 2156 benigna
672 2077 848 2151 concessit,
872 2081 908 2139 ut
935 2077 1063 2139 differre
1091 2077 1172 2156 possit
1196 2011 1201 2152 l

221 2171 483 2235 retractationem
505 2171 662 2248 publicam
684 2171 792 2230 civilis
812 2173 984 2232 iuramenti
1006 2174 1044 2231 ad
1068 2175 1172 2249 tempus
1196 2156 1202 2209 l

220 2266 356 2328 arbitrio
376 2263 657 2338 administratoris,
681 2283 742 2325 non
765 2265 989 2344 praetermissa
1010 2271 1172 2326 tamenne

220 2360 412 2422 tractatione
428 2359 582 2436 praedicti
603 2359 775 2420 iuramenti
790 2362 911 2420 secreto
925 2360 1070 2421 iacienda
1082 2376 1172 2420 cerm

220 2454 397 2516 catholicis.

280 2549 311 2608 3.
335 2545 413 2613 Quid
435 2547 592 2623 agendum
621 2564 690 2605 cum
717 2546 845 2606 secundi
871 2546 1077 2624 aequalitatis
1097 2547 1129 2605 et
1145 2542 1173 2602 li·
1204 2583 1205 2592 η

220 2640 357 2702 bertatis
377 2639 547 2700 iuramenti
570 2639 640 2699 labe
662 2640 814 2717 pollutis,
837 2641 863 2701 si
884 2641 1113 2716 poenitentiam
1134 2655 1173 2715 pe·

220 2737 303 2807 tant,
327 2751 384 2793 nec
406 2738 475 2795 tute
497 2733 686 2810 praestitum
708 2733 920 2795 iuramentum
943 2735 1067 2812 publica
1087 2739 1173 2795 retra·

219 2828 327 2890 cmndi
349 2821 419 2904 spes
440 2828 508 2887 ulla
528 2827 702 2904 affulgeati

279 2923 322 2983 R.
343 2923 391 2982 Ad
414 2923 581 2982 secundum
604 2921 732 2982 dubium
755 2922 989 2982 rescribendum
1011 2918 1173 2982 mandavit:

220 3018 299 3078 satis
320 3035 387 3076 esse
408 3014 530 3092 quodsi
551 3015 785 3092 praestiterunt
799 3015 1013 3076 iuramentum
1027 3011 1175 3076 libertatis

219 3115 253 3173 et
273 3111 478 3188 aequalitatis
507 3108 676 3172 consulant
703 3109 914 3171 conscientiae
938 3127 1034 3182 suae,
1058 3126 1123 3170 curn
1150 3105 1175 3162 iu

220 3207 314 3266 dubio
334 3206 443 3265 iurare
465 3223 525 3265 non
547 3203 655 3277 liceat,
679 3223 777 3282 neque
799 3203 958 3281 nllalega
981 3199 1176 3281 usquemodo

220 3299 540 3382 obstringi,‚nondsm
562 3298 689 3375 prolato
709 3298 826 3358 iudicio
840 3296 1031 3358 sanctitatis
1052 3313 1132 3365 suae,
1144 3290 1176 3350 ad

219 3393 425 3454 emittendam
447 3393 628 3453 huiusmodi
648 3392 820 3454 iuramenti
835 3391 1104 3454 retractationem.

282 3510 320 3566 (1)
338 3509 395 3558 Vol.
415 3510 438 3556 1.
455 3521 514 3568 pas.
527 3509 586 3558 aas.
