2426 4192
645 267 682 278 -
707 235 764 295 196
785 265 823 278 ..

258 343 331 404 bilis
353 345 478 404 omniuo
498 340 580 402 ratio
596 345 672 404 novi
693 345 819 405 creandi
835 343 999 405 Pontificis
1020 345 1186 412 redderetur,

258 441 315 498 aut
336 439 446 499 saltem
475 443 583 500 tantae
605 440 652 499 rei
681 439 830 499 celeriter
858 440 1064 517 expediendae
1090 438 1188 496 infinita

257 533 479 611 impedimenta
507 536 750 608 opponerentur.
776 536 903 611 Itaque,
929 536 965 592 ut
986 533 1057 591 huie
1078 531 1187 608 periculo

258 646 318 705 qua
340 627 461 687 ratione
482 644 538 702 pcr
558 629 622 689 Nos
644 625 713 685 deri
741 630 867 702 poterat
888 643 1134 697 occurreremus,
1152 643 1189 701 per

258 723 336 783 alias
356 723 488 782 Nostrae
510 719 638 779 litteras
659 719 715 778 sub
736 719 864 795 plumbo
886 721 1000 793 datas,
1022 722 1067 780 III
1086 721 1144 780 Gal.
1157 723 1189 779 la·

256 834 346 876 nuar.
362 815 570 875 Pontificatus
584 813 694 875 Nostri
716 832 797 872 anno
816 813 966 873 vicesimo
988 814 1099 886 tertio,
1112 815 1189 872 decre

257 910 361 969 vimus
382 911 419 967 ut
439 910 522 966 esset
542 925 634 984 penes
656 907 822 966 arbitrium
846 908 974 968 maioris
996 907 1190 985 partisGardi-

258 1003 375 1063 ualiurn
397 1002 450 1078 qui
472 1004 652 1078 praesentes
674 1004 790 1074 essent,
810 1018 881 1059 eum
903 1001 935 1059 in
958 1003 1062 1061 locum
1084 1005 1118 1062 ad
1131 1005 1189 1061 Pou-

257 1099 372 1158 tificem
393 1096 569 1172 eligendum
591 1094 760 1152 convenire
774 1095 827 1171 qui
841 1094 880 1153 iis
901 1097 1109 1173 opportunior
1127 1096 1189 1154 uide·

255 1195 358 1263 retur‚
373 1191 545 1264 iisdemque
567 1190 754 1264 potestatem
775 1187 906 1248 fecimus
927 1191 996 1250 sive
1013 1189 1187 1267 protrahendi

255 1286 322 1346 sive
343 1282 561 1352 contrahendi,
577 1281 604 1340 si
618 1282 648 1340 id
664 1299 740 1358 opus
761 1285 855 1355 esset,
872 1284 1011 1359 spatium
1033 1287 1132 1345 decem
1144 1283 1189 1341 die

181 1403 183 1411 ’
254 1396 324 1440 rum
345 1398 364 1438 a
385 1376 532 1441 Romanis
547 1376 751 1435 Pontificibus
772 1379 1067 1453 praedecessoribus
1080 1377 1187 1446 Nostris,

254 1492 290 1533 ac
316 1471 502 1550 pracsertim
524 1489 542 1530 a
562 1472 598 1530 B.
613 1471 765 1548 Gregorio
786 1473 816 1532 X
842 1471 1078 1548 constitutum,
1100 1474 1188 1551 quoda

253 1565 416 1628 Pontificis
437 1564 523 1623 obitu
545 1564 583 1622 ad
606 1563 780 1640 ingressum
796 1564 827 1622 in
843 1564 998 1625 (lonclare
1021 1567 1188 1627 intercedere

255 1660 358 1732 debet,
381 1658 462 1718 haud
485 1659 672 1734 derogantes
700 1661 803 1717 tamen
825 1659 891 1719 ulla
913 1677 952 1718 ex
974 1663 1071 1736 parte
1105 1657 1188 1718 ceteris

253 1751 457 1815 caeremoniis
479 1758 572 1827 atque
594 1751 844 1812 solemnitatibus
865 1770 942 1829 quae
964 1771 1025 1829 per
1048 1755 1186 1814 eorunden

253 1845 439 1907 Pontificum
462 1844 708 1906 constitutiones
730 1845 761 1903 in
777 1845 929 1904 electione
950 1848 1090 1908 Romani
1110 1845 1187 1906 Ponti·

252 1941 321 2001 fleis
341 1938 608 2018 praescribuntur.
626 1940 691 2000 Nec
706 1956 781 1998 vcro
796 1941 860 2000 Nos
875 1939 961 1999 inani
985 1941 1137 2001 malornm
1150 1941 1186 1997 in·

251 2034 453 2112 pendentium
480 2030 647 2090 formidine
679 2031 814 2106 perculsi
845 2030 1028 2090 fueramus:
1065 2034 1186 2112 siquiden

251 2128 353 2188 multo
369 2123 516 2203 graviora
538 2144 573 2189 ac
587 2123 826 2184 detestabiliora
845 2127 955 2184 contra
968 2128 1141 2188 Romanam
1152 2127 1188 2184 Ec

251 2219 377 2280 clesiam
400 2218 525 2293 eiusque
554 2216 735 2275 libertatem
766 2214 837 2275 fieri
859 2217 1017 2289 vidimus,
1042 2237 1134 2295 qnam
1150 2215 1189 2274 illa

250 2316 355 2373 essent
384 2329 461 2388 quae
482 2329 501 2369 a
521 2309 618 2370 Nobis
645 2310 877 2370 metuebantur.
901 2311 1111 2372 venerabiles
1129 2309 1188 2369 enin

251 2408 382 2467 Fratres
401 2403 513 2464 Nostri
527 2403 560 2462 S.
577 2406 616 2464 R.
633 2404 669 2462 E.
687 2403 881 2478 cardinales,
898 2407 934 2463 ad
951 2424 1029 2481 quos
1052 2404 1190 2484 privatius

249 2497 383 2562 Romani
403 2496 567 2556 Pontificis
588 2500 710 2574 spectat
734 2498 871 2571 electio,
892 2499 945 2558 vel
966 2501 1054 2560 Urbe
1078 2496 1187 2577 expulsi,

249 2592 302 2651 vel
323 2591 532 2650 incurrerem
554 2591 699 2664 coniecti,
714 2591 766 2651 vel
788 2591 844 2650 elii
865 2591 961 2650 alium
982 2593 1016 2650 in
1040 2594 1141 2654 locum
1154 2592 1190 2648 de

250 2685 380 2764 portati,
402 2684 625 2760 patrimonium
645 2685 682 2743 B.
699 2684 789 2744 Petri
810 2684 986 2762 direptum,
1010 2686 1096 2747 bona
1117 2683 1188 2744 eccle

248 2780 365 2840 siarum
382 2778 556 2852 divendita,
572 2777 774 2849 monasteria,
790 2779 930 2854 expulsis
951 2780 1147 2856 regularium
1161 2775 1188 2833 la

247 2872 357 2946 miliis,
380 2872 412 2931 in
435 2871 579 2948 profanos
600 2888 674 2929 usus
694 2889 862 2945 conversa,
885 2873 954 2949 ipsa
976 2892 1104 2952 quoqne
1125 2869 1188 2932 disci·

246 2967 334 3042 plina
353 2965 511 3026 Ecclesiae
533 2965 731 3042 perturbata,
755 2982 811 3023 nec
832 2967 1004 3025 sacerdotii
1026 2963 1189 3027 conculcata

245 3059 428 3121 immanitas
449 3060 562 3131 solum,
584 3059 637 3118 sed
659 3058 754 3118 etiam
777 3059 948 3119 auctoritas
968 3059 1189 3134 circumscripta

245 3154 436 3229 libertasque
458 3152 598 3224 sublata3
614 3153 677 3212 Nos
698 3168 773 3210 vero
788 3151 859 3227 ipsi,
877 3152 929 3228 qui
944 3154 981 3212 Β.
997 3154 1094 3212 Petri
1116 3147 1192 3229 patri·

245 3247 342 3307 monii
356 3246 495 3305 uindices
510 3249 602 3321 atque
621 3245 763 3305 custodes
777 3246 942 3305 constituti
964 3264 1086 3321 sumus,
1103 3253 1134 3307 et
1147 3261 1189 3302 ne·

246 3340 320 3399 ritis
347 3340 422 3399 licet
442 3338 631 3413 imparibus,
653 3338 700 3399 ita
720 3341 851 3399 Domino
872 3341 1017 3411 volente,
1043 3343 1188 3403 universae

245 3433 364 3495 Christi
384 3431 541 3493 Ecclesiae
562 3449 756 3508 praesumus
780 3433 907 3510 eiusque
929 3435 1025 3509 vices,
1049 3440 1186 3512 tamqnam

244 3527 282 3587 Β.
298 3525 388 3585 Petri
409 3541 613 3597 successores,
637 3525 669 3582 in
691 3525 787 3584 terris
810 3526 960 3603 gerimus,
982 3531 1017 3587 et
1035 3520 1187 3588 sacerdotii
