2488 4204
291 277 339 334 17.
351 276 393 336 Ut
405 276 438 335 hi
450 276 574 336 exsules
589 277 734 337 adstricti
747 283 910 354 praeterea
926 277 989 337 sint
1001 278 1037 337 ad
1049 275 1191 352 regulas,

229 372 263 428 et
283 369 524 428 consuetudines
537 371 677 430 cuiusvis
688 370 870 432 monasterii
884 374 916 430 et
926 372 1117 440 conventus,
1135 369 1192 428 etsi

222 458 447 538 discrepante
471 463 610 522 moribus
637 465 924 536 monasteriorum,
945 466 1191 532 conventum,

230 555 263 616 in
284 555 395 631 quibus
416 554 641 633 professionem
663 557 722 635 ipsi
744 559 927 619 emiserunt.

292 649 340 708 18.
357 651 400 710 Ut
421 650 552 725 proinde
566 651 598 709 in
613 651 767 722 omnibus,
782 669 818 711 ac
833 668 888 728 per
903 651 1007 710 omnia
1021 665 1193 709 accommo-

231 743 305 801 dare
333 761 365 802 se
394 744 529 807 debeant
556 749 640 806 stato
662 746 765 806 ordini
786 745 981 822 temporique
1002 741 1159 818 surgendi
1179 757 1192 796 e

230 835 324 909 lecto,
340 837 475 896 adeundi
489 840 526 900 ad
541 840 699 911 Oborum,
718 840 756 900 ad
780 856 927 910 mensam,
944 835 1112 896 relaxandi
1127 832 1193 892 ani·

229 944 314 986 mum
336 932 411 1002 010,
435 929 563 1007 perinde
586 935 622 991 ut
643 932 796 1008 Religiosi
811 932 867 992 alii
883 921 1057 990 de'monnst
1058 928 1129 987 erio
1145 925 1192 983 vel

225 1025 398 1095 conventu,
420 1043 439 1084 0
460 1043 520 1101 000
542 1026 660 1103 0000011
683 1034 789 1085 erunt.

291 1120 340 1180 19.
355 1119 462 1194 Neque
478 1119 637 1225 singulare
650 1119 839 1196 quidquam
831 1137 862 1176 nn
885 1117 1055 1200 refectione
1077 1115 1192 1175 aliisve

229 1212 322 1272 rebus
333 1212 453 1289 possint
465 1212 604 1290 exigere,
620 1215 672 1272 sed
687 1231 724 1272 ea
739 1211 945 1281 humanitate,
958 1210 1190 1284 charitateque,
1229 1153 1231 1254 1

230 1325 309 1384 0000
321 1307 393 1366 aliis
405 1307 542 1366 eiusdem
554 1308 798 1434 religionist
733 1307 798 1367 frat
799 1306 885 1366 ribus
901 1305 1108 1383 impenditur,
1124 1320 1193 1362 con·
1230 1255 1232 1344 1

231 1399 312 1459 10011
335 1417 401 1459 esse
422 1400 565 1459 debean.

289 1492 339 1553 211.
357 1496 401 1556 Ut
429 1493 600 1570 invigilent
628 1495 805 1571 superiores
831 1495 916 1555 omni
941 1513 1037 1566 cura,
1070 1513 1109 1553 ne
1140 1489 1191 1569 qni
1232 1453 1234 1546 1

231 1585 377 1645 distineri
400 1605 432 1646 se
454 1587 559 1648 sinant
580 1605 812 1664 supervacaneo
833 1589 1015 1649 litterarum
1041 1604 1193 1647 commer-
1234 1568 1235 1634 1

230 1679 291 1754 010,
314 1680 477 1758 animoque
501 1682 647 1754 distrahi,
664 1683 821 1760 frequenti
838 1683 917 1742 alios
932 1701 968 1743 ac
982 1681 1192 1742 saecularium
1235 1671 1236 1734 1

230 1774 418 1851 praesertim
440 1777 546 1835 domos
567 1776 689 1836 visendi
712 1778 826 1838 studio.
1236 1774 1237 1840 1

225 1909 228 1916 -
290 1869 341 1929 21.
359 1872 402 1931 Ut
423 1869 449 1928 si
472 1871 655 1930 monasterii
669 1871 828 1931 cuiusdam
853 1873 909 1930 aut
923 1874 1098 1930 conventus
1121 1887 1194 1928 con·
1237 1876 1238 1932 1

229 1961 356 2022 fossarii
378 1963 518 2040 imperiti
547 1965 611 2024 sint
638 1965 752 2025 Gallici
782 1965 963 2037 idiomatis,
986 1965 1135 2041 superior
1156 1980 1192 2022 ex
1238 1980 1239 2026 1

230 2055 308 2133 ipsis
329 2043 485 2134 religiosis
507 2058 665 2118 exsulibus
681 2059 812 2136 deligat,
828 2060 939 2136 quibus
961 2058 1098 2116 maxime
1120 2075 1194 2117 con·
1239 2082 1240 2148 q

224 2150 326 2214 fidere
348 2169 380 2210 se
401 2169 488 2228 posse
510 2153 638 2226 credet,
661 2153 884 2228 adstringendo
905 2169 957 2211 eos
985 2152 1021 2209 ad
1048 2167 1191 2219 examen,

230 2264 290 2324 quo
312 2265 343 2304 se
365 2246 489 2306 idoneos
511 2248 654 2324 probent.

290 2341 341 2401 22.
358 2342 401 2401 111
415 2341 577 2418 regulares
589 2342 712 2401 Galliae
727 2342 861 2412 exsules,
870 2339 923 2417 qui
936 2339 1110 2416 provisoris
1124 2345 1194 2398 tan-

231 2435 299 2494 tum
320 2433 529 2511 recipiuntur,
545 2437 677 2496 moleste
692 2435 776 2496 ferre
791 2454 849 2495 non
872 2435 1017 2506 debeant,
1031 2433 1058 2492 si
1071 2433 1102 2491 in
1116 2431 1194 2492 acti-

230 2529 287 2588 bus
307 2528 534 2605 capitularibus
558 2533 592 2590 et
611 2530 816 2591 electionibus
836 2531 965 2588 careant
988 2546 1064 2587 voca
1086 2527 1193 2586 activa

231 2625 265 2682 et
279 2623 415 2700 passiva,
432 2622 491 2684 nisi
505 2642 654 2701 expressa
674 2627 829 2686 habeatur
849 2625 984 2686 facultas
1002 2615 1193 2681 sanctissimi

230 2715 355 2777 Domini
383 2717 494 2777 Nostri
522 2735 579 2795 per
607 2719 687 2780 hane
714 2717 923 2778 Secretariam
957 2717 1067 2774 Status
1095 2714 1194 2788 impe-

232 2811 357 2882 tranda,
379 2813 413 2869 et
433 2809 493 2886 ipsi
515 2809 636 2870 instent
656 2810 851 2888 Superiores.
867 2806 1079 2869 Nihilominus
1105 2801 1194 2865 adhi-

232 2901 301 2962 beri
323 2903 361 2964 ad
383 2921 420 2963 aa
442 2903 541 2963 officia
562 2907 703 2980 possunt,
720 2921 798 2979 quae
820 2902 858 2961 ab
873 2901 1039 2960 eorundem
1055 2899 1194 2974 pendent

232 2994 437 3072 dispositione
459 2997 675 3074 Superinrum.

291 3091 343 3151 23.
365 3093 409 3152 Ut
429 3092 559 3168 professi
580 3092 652 3151 laici
676 3089 745 3168 pari
767 3086 996 3165 hospitalitatis
1026 3083 1123 3143 officio
1145 3097 1194 3139 re-

231 3183 315 3260 cepti
336 3183 368 3243 in
391 3185 591 3246 monasteriis
611 3190 644 3244 et
663 3183 869 3243 conventibus
883 3180 1032 3257 defugere
1047 3196 1106 3237 non
1122 3192 1194 3253 pos·

231 3276 297 3336 sint
318 3292 459 3351 munera,
482 3297 560 3355 quae
581 3276 658 3354 ipsis
679 3277 891 3353 imponentur.

292 3371 430 3448 Denique
451 3375 615 3449 perspecta
635 3370 827 3443 sollicitudo,
849 3366 1076 3445 diligentiaque
1092 3364 1134 3424 N.
1151 3358 1190 3420 N.

232 3463 265 3523 in
287 3464 318 3524 id
340 3465 465 3525 intenta
486 3465 561 3539 erit,
578 3469 614 3525 ut
627 3466 685 3526 hae
700 3464 879 3542 pontificiae
901 3458 1112 3520 ordinationes
1127 3453 1195 3532 plc-
