2488 4204
625 249 663 262 ..
684 217 725 278 22
745 249 783 263 -

222 325 432 400 perstitisset;
452 324 481 382 si
502 325 630 383 invicta
646 323 873 400 perpendatur
894 330 1097 400 constantia,
1122 349 1191 407 qua

225 423 367 481 oblatam
386 421 510 497 repulit
526 420 721 480 deserendae
735 420 914 482 catholicae
927 424 1100 500 relipiouis
1114 444 1193 486 oon-

224 516 396 586 ditionem;
416 516 445 574 si
466 513 661 575 admirabile
683 515 970 576 animadvertatur
991 519 1100 605 robur,
1124 537 1191 598 quo

222 619 358 670 mortem
378 610 550 682 sustinuit;
570 613 600 669 si
620 611 850 683 attendantur,
870 620 970 687 prout
991 616 1125 674 attendi
1136 616 1192 675 de-

225 705 311 777 hent,
323 705 574 781 protestationes
594 711 672 763 ante
685 704 819 776 obitum,
837 711 869 764 et
883 707 920 764 in
934 707 1027 766 obitu
1040 709 1187 780 emissae,

126 856 130 864 ,
225 814 257 857 se
277 815 399 875 semper
420 798 615 859 catholicam
642 798 786 869 vicisse,
810 804 841 857 et
858 807 993 874 propter
1013 799 1113 878 fidem
1135 820 1193 862 ca·

224 890 380 951 tholicum
395 892 604 952 libentissime
616 892 715 963 mori;
736 893 766 949 si
785 907 853 950 nou
868 893 1078 966 omittantur,
1087 903 1190 970 prout

225 987 335 1044 omitti
354 1001 421 1043 non
443 984 568 1055 dehent,
593 983 857 1043 evidentissimae
880 988 1047 1057 rationes,
1071 989 1190 1064 quihus

225 1080 417 1151 ostenditur,
431 1078 551 1138 nedum
565 1080 698 1156 falsitas
709 1080 887 1137 criminum
897 1078 1028 1140 Mariae
1038 1081 1192 1158 Repinae

225 1173 453 1249 oppositorum,
477 1170 531 1230 sed
552 1172 652 1230 etiam
673 1170 826 1247 iniquam
853 1174 968 1231 mortis
989 1176 1189 1234 sententiam

224 1265 326 1341 specie
346 1272 441 1324 tenus
461 1265 638 1324 calumniis
659 1265 828 1335 iuniorem,
852 1280 925 1323 vere
944 1266 1131 1340 processisse
1146 1284 1191 1326 eu

225 1356 298 1416 odio
318 1357 496 1418 catholicoe
520 1358 702 1432 relipionis,
726 1364 757 1417 et
780 1365 824 1420 ut,
842 1357 1008 1418 haeretica
1031 1359 1190 1436 dopmata

224 1450 263 1508 iu
283 1449 429 1526 Anpliae
442 1466 542 1527 repuo
556 1452 690 1508 immota
707 1451 931 1525 persisterent,
949 1449 1029 1510 nihil
1050 1450 1188 1512 fortasse

224 1543 328 1603 deerit
342 1560 384 1603 ea
398 1545 450 1616 iis,
467 1558 551 1620 quae
564 1560 620 1621 pro
634 1559 711 1602 vero
727 1541 886 1620 martyrio
897 1551 974 1602 sunt
988 1548 1188 1606 necessaria.

284 1635 405 1696 Scimus
426 1654 465 1696 ex
486 1636 684 1713 Augustino,
710 1636 790 1711 quod
819 1639 997 1712 martyrem
1025 1653 1085 1696 non
1108 1636 1190 1698 fecit

223 1748 334 1809 poene,
349 1732 403 1790 sed
418 1748 512 1792 cause
525 1730 570 1809 (1)
581 1750 590 1804 3
605 1732 698 1806 etque
710 1728 748 1788 ob
760 1729 839 1788 hauc
850 1727 949 1805 ipsam
961 1720 1117 1790 rationem
1128 1732 1190 1790 Be·

223 1823 365 1885 nedictus
376 1825 462 1897 XIV,
476 1841 545 1883 cum
559 1842 591 1882 se
606 1838 792 1901 propensum
811 1839 868 1898 pro
885 1821 1006 1882 Mariae
1024 1823 1192 1884 Stwurtee

175 1907 177 1910 ’
221 1916 379 1994 martyrio
401 1916 604 1990 declarasset,
626 1916 706 1974 illud
729 1915 904 1992 expendere
925 1914 1032 1992 coepit
1052 1916 1111 1994 (2),
1140 1935 1190 1977 an

223 2010 267 2070 ad
286 2011 486 2086 martyrium
512 2012 594 2069 sotis
613 2012 667 2082 sit,
691 2017 873 2085 tyranuum
901 2008 946 2067 ad
972 2011 1189 2087 inferendam

221 2116 357 2168 mortem
370 2109 493 2167 moveri
506 2123 548 2166 eu
561 2107 634 2166 odio
649 2107 802 2166 adversus
811 2105 910 2184 fidem
923 2103 1056 2180 Christi,
1069 2125 1188 2185 quam·

222 2204 273 2260 vis
293 2204 491 2262 occasionem
511 2203 625 2260 mortis
639 2201 787 2260 desumat
807 2216 849 2259 eu
870 2201 942 2259 alia
961 2218 1007 2273 re,
1031 2217 1115 2280 quoe
1138 2204 1184 2262 ad

221 2300 327 2375 ipsam
348 2298 471 2359 Christi
489 2300 588 2378 fidem
603 2305 662 2357 aut
674 2283 765 2356 nihil
778 2300 935 2373 pertinet,
953 2307 1012 2358 aut
1033 2317 1101 2358 non
1115 2302 1190 2360 nisi

126 2378 129 2384 ’
222 2408 265 2451 ea
286 2394 449 2454 accidenti
464 2394 645 2469 pertineot;
666 2397 696 2451 et
717 2389 904 2452 affirmative
919 2394 1052 2453 resolvit
1067 2393 1188 2454 ductus

222 2486 372 2558 ratione,
395 2484 483 2562 quod
503 2492 594 2544 octus
614 2500 682 2542 non
703 2485 742 2542 ah
764 2485 946 2557 occasione,
969 2487 1021 2545 vel
1041 2502 1063 2544 a
1083 2503 1188 2545 causa

222 2579 408 2654 impulsiva,
432 2577 486 2636 sed
507 2594 529 2636 a
549 2593 648 2637 causa
667 2578 768 2653 finali
787 2593 899 2636 veram
913 2578 967 2638 sui
980 2579 1116 2653 speciem
1130 2579 1189 2638 de·

221 2671 334 2743 sumit;
354 2687 392 2730 oe
409 2675 583 2744 propterea
602 2668 743 2743 sufficere
765 2668 808 2727 ad
828 2671 1043 2746 martyrium,
1062 2671 1092 2728 si
1109 2686 1187 2746 per·

220 2771 345 2823 secutor
359 2763 403 2821 ad
416 2778 525 2821 necem
545 2761 756 2838 inserendam
769 2769 917 2822 movetur
931 2761 1005 2822 odio
1021 2764 1058 2821 in
1071 2763 1182 2841 fidem,

222 2857 297 2916 licet
318 2857 440 2917 occasio
453 2855 568 2913 mortis
586 2855 773 2930 provenerit
796 2871 838 2914 ea
864 2857 934 2914 alio
955 2873 1000 2928 re,
1017 2873 1102 2933 quae
1127 2875 1186 2916 ru»

221 2951 309 3010 tione
330 2949 655 3010 circumstantiarum
676 2947 719 3006 ad
738 2947 834 3024 fidem
855 2965 922 3008 non
939 2951 1134 3025 pertineret.

283 3078 319 3133 <1>
332 3076 413 3136 Epist.
431 3077 515 3126 cclv.
532 3088 602 3124 uum.
618 3077 642 3124 4.
658 3077 720 3124 tom.
738 3077 772 3123 11.
791 3089 867 3136 oper„
887 3078 935 3126 eol.
953 3077 1008 3126 lsi.
1026 3077 1185 3127 sdit.1³sris.

220 3153 331 3202 linurin.
340 3153 460 3202 Ensmst.
476 3151 505 3198 in
520 3152 615 3200 Psslm.
624 3153 739 3200 xxxlv.
760 3155 931 3212 serm.11.,n.
947 3156 970 3201 1.
981 3156 1043 3202 tom.
1055 3156 1100 3203 1v.
1113 3167 1182 3214 oper.

221 3229 270 3276 col.
281 3229 337 3276 244.
354 3229 381 3274 et
395 3227 423 3274 iu
438 3226 533 3276 Pselm.
545 3228 672 3286 LXVIII..
691 3240 765 3275 serm.
778 3231 799 3277 1.
809 3241 880 3277 uum.
890 3229 914 3278 9.
925 3233 986 3279 tom.
997 3229 1053 3278 eod.
1064 3229 1113 3278 col·
1125 3232 1181 3280 695.

220 3306 247 3352 et
263 3305 342 3352 Serto.
353 3303 384 3351 ds
395 3305 480 3352 Senot.
492 3316 601 3352 sermon.
613 3303 761 3363 ΟΜΝ,
773 3317 842 3353 uum.
856 3306 878 3351 1.
889 3307 985 3355 tomv.
997 3319 1037 3369 op.
1049 3306 1097 3354 col.
1110 3308 1181 3356 1110.

220 3391 295 3428 seim.
307 3381 547 3429 coniminum.
559 3381 656 3430 utem.
673 3379 730 3429 eod.
748 3383 798 3430 ool.
816 3383 896 3439 1145,
914 3384 940 3430 et
956 3384 1046 3431 contre
1063 3382 1183 3432 messor.
1241 3419 1242 3424 ,

215 3455 266 3504 lib.
278 3456 327 3504 111.
336 3467 406 3503 uum.
418 3457 584 3506 51.tom.1x.
597 3470 665 3517 opor.
678 3458 725 3507 eol.
735 3459 790 3507 462.
1241 3443 1242 3458 ’

282 3531 319 3586 (¹2)
335 3531 383 3582 cit.
394 3544 451 3593 esp.
460 3534 530 3581 xm.
542 3545 612 3582 num.
625 3535 663 3582 12.
