2424 4196
229 317 291 360 nnn
312 301 417 362 scrive
430 303 462 364 al
479 303 659 380 medesimo,
671 323 722 368 ma
733 307 842 385 ripone
857 309 945 369 totta
958 308 990 370 la
1002 307 1167 370 soacinen

232 411 420 471 e-aperanza
440 397 524 458 dalla
543 399 576 458 oi
597 399 640 459 lei
655 400 834 478 religiosita
845 421 865 462 e
877 404 1048 464 destrones.
1064 405 1168 464 Intentc

230 485 322 562 piano
342 488 492 552 distima
510 491 553 551 mi
576 493 745 554 conformo.
831 519 835 528 ·

312 585 411 645 Roma
434 586 472 646 19
492 590 665 649 settembre
688 589 784 652 1795.Ι

397 705 399 712 >
499 686 502 696 “
690 683 730 743 F.
745 683 786 744 Χ.
801 680 897 743 Gard.
918 684 958 744 da
974 685 1106 746 Zelacla.

558 887 709 944 utin·
726 892 866 946 verat·
929 953 931 956 ,

391 1032 548 1094 DOMINO
569 1035 723 1097 ABBATI
742 1039 795 1097 DE
815 1038 871 1098 LA
890 1037 1037 1098 PALME

344 1159 473 1240 Vicorio
499 1178 655 1242 Generali
676 1184 828 1244 dioecesis
852 1180 1093 1244 Gamtcrtacea.

504 1338 746 1398 mustrisaime
766 1339 921 1398 Domine.

239 1559 244 1568 .
291 1505 367 1566 Gom
389 1505 506 1567 selecta
525 1507 737 1586 Congregatio
759 1526 853 1586 super
873 1507 1021 1586 Negociis
1037 1504 1168 1569 Ecclesia·

230 1599 319 1659 sticis
334 1599 523 1671 Galliarum,
539 1600 625 1660 iussu
641 1597 730 1662 SSuii
742 1601 864 1662 Domini
875 1601 998 1674 Nostri,
1011 1596 1170 1678 expenderit

233 1692 418 1771 petitionem
440 1692 597 1754 Panisseti
618 1695 753 1771 episcopi
776 1694 890 1754 intrusi
914 1694 1106 1766 Sabaudiae,
1131 1707 1169 1748 roc

232 1804 294 1847 non
321 1786 487 1864 epistolam
507 1787 737 1848 Dominationis
759 1787 1041 1864 tuae,.praedicta
1062 1789 1171 1862 Congre-

232 1881 332 1959 gatio,
348 1882 453 1941 eodem
470 1877 568 1941 SSriro
582 1884 619 1942 D.
636 1883 676 1942 N.
694 1883 855 1959 probante,
872 1900 910 1943 aa
922 1899 1001 1959 quae
1024 1882 1171 1958 sequuntur

235 1975 308 2035 Tibi
329 1975 535 2053 significanda
555 1974 764 2036 existimavit.

293 2071 318 2129 Ι.
341 2069 470 2129 Falsum
492 2069 618 2128 omnino
639 2088 717 2143 esse,
734 2067 944 2130 sanctitatem
959 2069 1057 2129 Suam
1072 2083 1123 2146 per
1139 2063 1172 2122 in·

232 2161 392 2240 cognitum
415 2162 626 2236 sacerdotem,
655 2162 878 2222 absolvendum
903 2162 1069 2223 mandasse
1091 2155 1172 2218 Panis

233 2259 352 2316 aetum:
378 2255 578 2331 quamobrem
599 2257 626 2316 si
649 2260 744 2316 antea
767 2256 932 2316 dubitabas
957 2257 995 2314 dc
1020 2245 1172 2316 huiusmodi

233 2348 448 2421 absolutione,
470 2351 559 2408 certa
577 2351 666 2409 modo
688 2349 746 2410 tibi
767 2350 831 2410 erit
851 2349 976 2411 falsitas
997 2349 1123 2408 huiusce
1138 2357 1172 2401 ai·

235 2442 394 2504 sertionis.

295 2538 335 2596 11.
358 2535 558 2596 Conditiones
586 2537 625 2596 ab
651 2537 785 2598 intrusis
812 2537 1001 2615 implendas,
1029 2535 1198 2609 antequam,

236 2627 441 2691 absolutionis
462 2631 610 2691 beneflcio
631 2632 739 2691 donari
755 2631 888 2708 possint,
903 2649 923 2690 a
941 2631 1117 2690 Sanctitate
1129 2623 1172 2682 sn
1197 2679 1198 2686 ,

233 2723 445 2801 praescriptas
466 2723 563 2784 fuisse
584 2724 774 2802 Apostolicis
794 2724 929 2786 Litteris
950 2719 1172 2798 informabis·

236 2817 287 2878 vis
307 2817 369 2876 diei
391 2818 429 2876 13
450 2817 532 2880 Iunii
555 2818 634 2878 1792
655 2817 856 2895 sequentibus
877 2815 982 2876 verbis
995 2845 1016 2862 ··
1031 2823 1062 2874 et
1083 2828 1120 2872 cc
1137 2806 1172 2867 ob

236 2913 411 2972 solutiones
438 2911 624 2970 huiusmodi
645 2909 799 2990 (loquitur
820 2909 979 2970 Sanctitas
1000 2908 1066 2969 Sua
1087 2910 1121 2966 de
1138 2901 1173 2964 ab

237 3003 457 3064 solutionibus
472 3021 551 3081 quae
571 3004 704 3064 intrusis
728 3005 846 3064 dandae
873 3002 987 3079 erunt)
1001 3039 1003 3046 ·
1016 2998 1172 3064 inconsulto

237 3099 467 3171 concedantur,
491 3107 550 3158 out
570 3099 639 3157 sint
653 3100 741 3158 inter
755 3114 786 3157 se
800 3098 972 3174 difformes,
990 3096 1172 3156 inhaerente

236 3191 300 3251 Noa
322 3193 459 3252 concilio
485 3191 631 3253 Nicacao
651 3200 684 3252 et
704 3192 891 3267 bccipciori
911 3189 1076 3252 Ecclesiae
1101 3182 1173 3246 disci·

232 3287 365 3362 plicae,
389 3287 533 3346 iubemus
553 3287 757 3345 intrusorem
785 3286 906 3344 abantea
927 3285 1105 3354 neminem,
1125 3272 1174 3336 citi

232 3378 329 3453 prius
338 3380 457 3454 scripto
467 3380 648 3439 ciuraocrit
658 3379 796 3443 civicum
803 3385 1053 3448 sacramentam,
1064 3377 1173 3447 illosque

235 3485 359 3530 errores
385 3473 445 3547 qui
464 3473 558 3532 cicili
571 3474 801 3532 constitutione
815 3473 895 3531 clera·
911 3470 1080 3532 Gallicani
1092 3460 1174 3528 conti-
