2522 4200
442 221 622 282 -315-

105 327 270 408 Episcopis
284 327 357 405 quid
372 331 526 406 agendum
541 330 679 390 instante
693 328 912 390 tribulatione.
922 332 947 390 Ι.
958 329 1012 404 30,

42 425 94 486 40.
104 423 164 483 -Si
179 440 252 499 pars
267 423 374 500 aliqua
387 423 534 483 dioecesis
556 443 574 484 a
595 427 755 500 potestate
770 424 859 485 civili
874 423 919 482 eis
941 424 1014 483 sub·

42 518 369 596 ripiatur.42.·Qua
398 518 521 578 ratione
549 518 589 578 iis
618 520 843 595 procedendum
871 519 912 579 sit
942 537 1012 578 eum

42 611 229 689 pastoribus
244 614 300 670 aut
314 611 440 670 clericis
452 614 513 671 etc.
530 612 657 672 diversa
671 613 749 673 licet
762 613 864 673 forma
877 613 1013 674 iuratis-

43 704 352 766 communicantibus
382 723 451 764 cum
485 705 645 766 intrusis·
660 708 874 768 desertoribus
902 708 951 768 sui
973 708 1014 767 ti-

43 802 108 861 tuli
121 833 138 848 -
154 817 224 859 cum
245 799 404 876 religiosis
426 801 608 876 apostatis·
620 819 690 861 cum
712 801 794 876 istis,
818 802 870 862 rel
886 801 1012 862 clericis

41 896 219 958 maioribus
246 895 273 955 si
298 895 501 957 matrimonia
527 899 795 962 attentaverint·
815 917 886 958 oum
913 916 1014 976 oppu-

42 989 231 1070 gnatoribus
252 989 424 1050 catholicae
446 990 606 1050 doctrinae
620 1009 720 1050 -cum
738 991 916 1052 fautoribus
932 993 1012 1052 schi-

44 1084 158 1144 smatis
181 1087 242 1143 etc.
266 1086 307 1144 ΙΙ.
331 1083 380 1144 54.

113 1179 360 1256 Episcopatuum
393 1181 426 1238 et
456 1179 773 1256 Metropolitanarum
810 1177 1012 1238 ecclesiarum

43 1273 165 1334 erectio
193 1290 253 1331 nou
284 1273 435 1348 competit
463 1273 600 1350 regibus.
638 1275 663 1334 Ι.
690 1273 730 1332 83
759 1275 792 1332 ct
820 1291 883 1349 seq.
908 1303 923 1316 -
943 1273 1013 1332 Non

42 1371 118 1426 sunt
145 1365 324 1439 dividendi,
347 1369 403 1426 eut
424 1385 441 1426 e
463 1385 517 1426 sno
541 1368 610 1426 loco
635 1367 798 1440 movendi,
825 1365 1012 1426 inconsultis

42 1459 217 1538 Episcopis,
230 1461 264 1518 et
277 1458 405 1519 minime
420 1461 544 1518 attento
564 1459 750 1536 populorum
771 1461 867 1519 eade
888 1477 922 1519 re
945 1477 1014 1519 sen-

43 1570 90 1613 su.
108 1554 135 1611 1.
152 1552 192 1611 84
216 1554 249 1611 et
269 1568 333 1628 seq.

104 1643 241 1704 Erskine
273 1643 402 1704 Carolus
434 1646 668 1704 commendatur
699 1646 843 1705 Andreae
883 1645 1008 1705 Stuart.

104 1828 309 1890 Eucharistia
329 1828 525 1888 intrusorum
547 1829 713 1889 adoranda.
731 1830 771 1888 II.
788 1829 838 1888 87.

104 1922 264 1999 Exequiae
293 1922 445 2000 quomodo
475 1922 678 1982 celebrandae
707 1922 840 1982 durante
870 1939 1013 1998 persecu-

44 2018 144 2077 tione.
168 2018 193 2076 1.
208 2017 279 2076 231.

103 2109 238 2187 Expilly
261 2108 414 2187 (Aloisius
426 2106 618 2186 Alexander)
637 2107 937 2184 pseudo-Episcopus
958 2109 1014 2170 Co·

42 2202 298 2280 risopitensist.
317 2201 385 2263 150.
405 2233 421 2247 -
441 2199 745 2280 Pseudo-pastoralis
773 2199 839 2260 eius
866 2202 1010 2277 epistola.

42 2298 265 2374 1.152.-1psa
288 2297 419 2374 antiqua
444 2296 611 2373 disciplina
635 2297 868 2356 condemnatus.
893 2296 1009 2356 1.153.
1044 2314 1048 2322 ’

42 2391 215 2454 -Litterae
240 2391 365 2451 eiusad
388 2391 549 2458 Summum
569 2389 755 2451 Pontificem
778 2389 1008 2451 schismaticae.
1027 2383 1028 2388 ’

42 2488 67 2546 l.
85 2485 179 2545 154.-
191 2484 322 2546 Nullum
337 2505 356 2546 a
370 2486 497 2544 Summo
512 2483 666 2545 Pontifice
681 2501 863 2561 responsum
885 2483 1011 2561 accipit,

42 2580 98 2639 sed
119 2578 187 2638 eius
208 2578 294 2638 iussu
309 2582 468 2660 monetur,
482 2596 520 2637 ne
536 2578 671 2639 ulterius
686 2579 920 2656 progrediatur.
930 2576 1010 2638 Ibid.

43 2674 122 2733 -Ab
148 2672 215 2750 ipso
238 2671 438 2733 Rhcdonensi
457 2672 609 2748 Episcopo
637 2673 734 2732 etiam
758 2672 906 2732 monitus.
933 2671 1012 2732 Ibid.

41 2767 209 2828 -Relaxat
236 2764 505 2842 quadragesimale
524 2763 683 2824 Ecclesiae
713 2764 873 2841 praecepti
902 2763 1013 2824 rincu-

42 2863 121 2922 lum.
139 2859 399 2921 Ibid.-lmitator
418 2857 545 2917 diaboli.
562 2858 641 2918 Ibid.
652 2857 754 2918 -Eius
772 2859 886 2917 electio
907 2858 1012 2935 illegi-

42 2956 124 3017 tima
138 2957 171 3015 et
185 2955 285 3015 nulla.
302 2953 380 3014 Ibid.
393 2951 493 3012 -Eius
508 2949 700 3011 consecratio
715 2951 881 3028 sacrilega.
897 2953 920 3012 Ι.
941 2950 1012 3011 155.

42 3052 219 3126 Suspensus
241 3048 280 3108 ab
301 3045 455 3107 exercitio
477 3044 596 3104 ordinis
617 3042 863 3120 Episcopalis.1.
882 3044 950 3104 156.

110 3141 349 3218 Expositionem
378 3156 472 3217 super
503 3137 682 3216 principiis
702 3136 939 3197 constitutionis
969 3138 1015 3196 ci-

42 3235 120 3296 vilis
148 3235 227 3296 cleri
254 3233 410 3295 Gallicani
431 3252 450 3293 s
470 3232 511 3293 30
531 3231 666 3309 primum
688 3230 848 3307 Episcopis
877 3230 1012 3290 subscri-

41 3332 131 3407 ptam
151 3328 249 3390 oeteri
270 3345 376 3387 omnes
397 3327 645 3403 amplectuntur,
661 3325 802 3401 exceptis
823 3327 968 3402 quatuor.
984 3327 1009 3385 I.

44 3425 115 3483 143.
146 3453 166 3468 -
199 3423 312 3484 'letius
340 3419 499 3484 Ecclesiae
537 3419 678 3480 Gallicae
706 3418 881 3479 doctrinam
923 3418 1014 3479 exbi-

42 3517 111 3576 bet.
131 3515 246 3576 1.144.
