2424 4196
28 344 125 406 Mariae
147 343 322 422 peregerit,
337 342 368 401 in
391 341 533 418 quolibet
554 337 664 400 eorum¹
683 339 854 418 participet
867 335 970 403 indul-

29 437 147 513 gentiam
158 441 281 514 'septem
295 450 461 506 annorum,
477 452 512 494 ac
526 433 658 493 totidem
686 435 967 511 quadragenarum.

27 532 70 597 Qui
89 549 163 591 vero
185 530 296 607 quavis
316 529 489 600 Dominica,
509 529 561 589 vel
583 527 645 588 alio
666 527 740 587 anni
762 527 853 601 festo,
869 528 972 589 indul-

28 625 145 700 gentiam
158 624 294 701 quiuque
309 639 472 696 annorum,
483 621 674 698 totidemque
686 624 969 698 quadragenarum.

28 717 71 782 Qui
89 720 218 776 demum'
235 716 266 773 in
289 713 351 776 alio
366 732 556 792 quocumque
571 716 644 774 anni
659 715 709 774 die
723 732 760 773 ea
780 713 969 791 praestabit,

26 809 236 886 indulgentiam
249 810 381 867 ‘cautum
396 808 536 867 dierum.

70 903 258 979 Quicumque
291 902 402 962 saltem
432 901 526 961 semel
555 901 587 959 in
616 902 808 963 hebdomada
834 903 971 964 recitare

25 997 172 1057 consuevit
192 1013 350 1067 coronam,
374 999 429 1057 aut
449 995 617 1070 rosarium,
633 1000 689 1056 aut
707 995 838 1056 officinm
853 1000 889 1058 B.
903 999 972 1058 Ma·

25 1091 76 1151 riae
89 1091 245 1169 Virginis,
258 1091 309 1150 vel
325 1091 553 1164 defunctorum,
566 1097 622 1151 ant
634 1108 792 1168 vesperas,
808 1092 859 1152 vel
876 1110 971 1152 unum

26 1185 119 1244 saltem
143 1201 183 1242 ex
209 1183 373 1242 nocturnis
398 1187 432 1242 et
452 1184 593 1254 Laudes,
615 1188 671 1243 aut
692 1189 810 1262 septem
832 1185 973 1246 Psalmos

24 1277 256 1339 Paenitentieles
269 1294 337 1335 cum
352 1275 487 1337 Litaniis
498 1293 665 1353 earumque
680 1277 834 1354 precibus,
846 1297 906 1355 quo
922 1280 972 1340 die

25 1375 123 1450 egerit,
148 1370 375 1448 indulgentiam
398 1373 523 1429 centum
544 1370 665 1429 dierum
686 1371 839 1448 acquiret.

71 1467 205 1543 Quisque
226 1466 361 1524 enimam
383 1482 470 1523 suam
490 1466 554 1523 Deo
574 1464 606 1522 in
630 1464 765 1525 articulo
786 1466 897 1525 mortis
918 1467 973 1525 de-

24 1564 84 1620 vote
106 1560 342 1631 commendans,¹
360 1558 519 1634 ipsamque
540 1563 675 1618 mortem
696 1577 794 1636 aequo
807 1577 843 1619 ec
859 1559 973 1620 libenti

23 1657 112 1712 animo
127 1655 166 1712 de
180 1669 273 1710 mauu
289 1650 414 1710 Domini
437 1651 593 1727 suscipere
607 1658 749 1728 paratus,
765 1657 798 1712 et
814 1672 887 1713 vere
902 1672 973 1731 poe·

23 1747 132 1819 nitens,
156 1745 332 1816 consessus,
355 1762 390 1804 ac
412 1761 502 1804 saera
523 1745 743 1804 Communione
765 1746 923 1820 refectus,
947 1747 972 1808 si

22 1839 127 1912 ualeat,
144 1836 283 1913 alioquin
305 1834 462 1895 contritus
476 1854 585 1894 nomen
602 1839 675 1898 lusu
696 1856 760 1910 ore,
777 1839 804 1897 si
819 1841 972 1916 potuerit,

24 1932 62 1990 sin
76 1933 180 1992 minus
203 1930 315 1990 saltem
337 1933 429 1991 corde
451 1930 660 2001 invocaverit,
677 1932 848 2008 plenariam
869 1934 975 1995 indul-

23 2027 150 2103 gentiam
171 2029 387 2101 consequetur.

73 2121 261 2195 Quicumque
276 2122 348 2180 ante
363 2117 475 2177 Missae
488 2117 743 2193 celebrationem,
757 2121 807 2180 vel
823 2121 974 2197 sumptio·

23 2229 81 2271 nem
105 2210 334 2284 Eucharistiae,
358 2214 415 2270 aut
434 2209 652 2270 recitationem
675 2213 774 2272 divini
796 2214 973 2288 Officii,ch

23 2307 103 2381 parvi
124 2309 159 2366 B.
178 2307 297 2367 Marino
319 2305 462 2383 Virginis
483 2305 617 2380 aliquam
641 2309 786 2371 devotam
809 2327 975 2388 praepara-

22 2401 129 2460 tionem
142 2400 353 2478 praemiserit,
365 2399 592 2477 quinquaginta
603 2401 723 2460 dierum
732 2401 973 2480 indulgentiam,

22 2495 154 2569 qualibet
175 2493 243 2553 uice
265 2494 295 2552 id
318 2493 434 2570 egerit,
450 2493 613 2570 percipiet.

76 2589 131 2655 Qui
155 2589 299 2648 detentos
319 2587 350 2645 in
373 2589 520 2659 carcere,
543 2590 598 2647 ant
620 2591 767 2664 aegrotos
789 2590 820 2647 in
842 2591 975 2651 Nosoco·

22 2681 87 2741 miis
107 2682 302 2755 visitaverit,
319 2700 370 2741 eos
391 2681 494 2758 aliquo
515 2682 594 2740 bono
608 2699 701 2758 opere
716 2681 903 2757 adiuvando,
920 2687 976 2744 aut

23 2777 195 2837 Doctrinam
209 2777 418 2838 Christianam
434 2777 465 2835 in
480 2776 631 2849 Ecclesia,
647 2777 699 2837 vel
715 2777 797 2836 domi
812 2777 906 2851 filios,
920 2784 976 2839 aut

24 2872 213 2948 propinqum,
230 2875 285 2931 aut
305 2870 437 2930 famulos
458 2870 611 2942 docuerit,
629 2871 724 2930 toties
744 2869 974 2948 indulgentiam

24 2961 187 3024 biscentum
211 2965 331 3024 dierum
354 2970 570 3040 consequetur.

79 3059 134 3123 Qui
156 3057 195 3117 ad
219 3059 520 3134 pulsumcampanae
541 3056 673 3117 alicuius
695 3057 851 3116 Ecclesiae
872 3075 974 3132 mane,

23 3153 74 3208 aut
99 3153 249 3225 meridie,
273 3154 329 3212 aut
355 3169 484 3227 vespere
511 3153 673 3210 consuetas
702 3167 809 3227 preces
831 3145 977 3226 Anp'elne

23 3241 147 3304 Domini
170 3253 227 3305 etc.
246 3246 346 3317 dicet,
370 3244 422 3303 vel
444 3245 469 3304 si
491 3263 543 3304 ens
568 3243 705 3320 ignoret,
729 3243 823 3302 semel
848 3243 978 3303 Oratio-

23 3349 90 3394 nem
104 3339 310 3398 Dominicam
324 3346 355 3397 et
369 3336 607 3397 Salutationem
619 3336 813 3413 Anqelicnm
834 3336 886 3395 vel
903 3338 976 3397 dato

23 3426 104 3502 signo
119 3433 176 3491 sub
191 3435 299 3491 horam
319 3431 418 3491 noctis
440 3428 550 3489 orandi
565 3447 620 3505 pro
635 3429 801 3503 defunctis,
817 3431 976 3490 Psalmum

23 3517 67 3577 De
83 3526 268 3602 profanatis,
285 3525 342 3585 aut
361 3523 387 3584 ai
402 3524 483 3582 hunc
505 3522 636 3597 nesciat,
661 3519 847 3584 Orationem
869 3523 977 3583 Domi-

858 3629 876 3662 'k
