2424 4196
627 179 786 238 ..73-

264 291 400 352 Nostrae
424 291 531 348 nutem
559 287 719 364 voluptati
744 307 857 365 magua
882 288 980 348 etiam
1007 286 1094 346 facta
1118 303 1160 346 ac·

204 383 303 443 cessio
322 385 384 455 est,
407 381 459 440 ubi
487 399 527 440 ex
552 381 661 442 citetis
681 379 803 441 litteris
823 381 910 442 clare
931 380 1159 458 perspeximus,

204 477 355 537 dilectum
386 476 598 536 marchionem
630 494 707 554 opus
732 476 910 536 huiusmodi
940 477 1108 536 uehemens
1126 467 1162 532 ¹ct

205 590 305 649 graue
325 570 357 629 in
379 588 413 628 se
441 569 661 646 suscipientem
693 570 847 630 arbitrari
868 570 900 630 in
922 571 955 628 id
980 568 1161 646 praesertim

205 665 368 725 nitendum
390 663 451 722 sibi
471 681 538 721 esse
559 669 654 738 atque
675 661 935 736 incumbendum,
958 666 996 722 ut
1014 661 1162 722 catholica

204 759 400 818 restituatur
420 756 545 834 religio,
567 756 693 833 imperii
714 757 798 818 basis
818 775 855 816 ac
872 756 1124 826 laudamentum
1136 756 1163 813 et

205 853 285 911 hanc
299 853 399 927 ipsam
421 853 460 911 ob
480 868 605 910 causam
620 853 659 910 ab
674 851 742 928 ipso
762 851 956 912 considerari
969 869 1009 910 ac
1022 848 1162 926 perpendi

205 944 397 1022 gravissima
417 943 475 1006 illa
495 943 699 1016 detrimenta,
711 962 789 1020 quae
811 944 903 1004 illata
915 945 1074 1004 hactenus
1087 943 1160 1012 snut,

204 1057 344 1115 quaeque
358 1039 542 1098 inferuntur
562 1036 702 1115 quotidie
716 1037 888 1114 praedictis
901 1037 1055 1099 catholici
1076 1033 1161 1112 regii-

204 1151 264 1210 que
278 1133 438 1192 exercitus
452 1133 608 1192 militibus
622 1152 641 1194 a
654 1133 778 1192 Guillot
792 1133 830 1192 de
844 1132 1014 1192 Follevillc
1037 1131 1161 1208 parocho

204 1227 343 1299 Doleusi,
357 1228 431 1284 dum
452 1228 491 1287 ad
506 1244 663 1304 serapere
676 1245 772 1288 ausus
792 1229 842 1286 est
862 1243 972 1285 nomen
995 1223 1161 1284 anctorita-

145 1399 150 1407 ἱ
205 1324 330 1398 temque
351 1319 487 1397 episcopi
508 1324 631 1398 Agnae,
646 1323 680 1379 et
701 1319 821 1380 Vicarii
842 1317 1020 1396 apostolici,
1038 1320 1161 1392 dumque

205 1415 371 1491 utriusque
392 1416 531 1474 muneris
552 1415 728 1474 huiusmodi
748 1414 882 1475 nulliter
906 1414 1057 1474 exercuit
1077 1411 1161 1472 officia

205 1508 300 1568 etiam
322 1510 393 1585 post
412 1509 545 1569 Nostrae
559 1508 592 1565 in
607 1507 707 1566 forma
726 1507 839 1566 Brevis
853 1507 982 1567 litteras
995 1505 1042 1586 (l)
1057 1507 1120 1566 diei
1132 1504 1160 1564 31

206 1604 276 1664 iulii
299 1602 437 1660 eiusdem
460 1601 535 1661 anni
558 1601 657 1674 1793,
680 1600 793 1678 quibus
820 1601 979 1678 episcopos
1007 1605 1043 1661 et
1066 1600 1161 1660 fideles

206 1696 396 1766 monuimus,
416 1699 453 1754 ut
466 1713 485 1754 a
499 1694 627 1770 parochi
643 1694 735 1753 huius
755 1693 919 1754 fraudibus
931 1695 991 1755 sibi
1005 1697 1161 1762 caverent,

205 1793 367 1867 eidemque
394 1790 531 1864 parocho
558 1788 799 1864 imperavimus,
822 1792 859 1847 ut
885 1789 973 1848 nulla
1000 1788 1162 1849 interiectu

203 1902 293 1944 mora
314 1888 479 1958 utramque
493 1881 681 1958 dignitatem
696 1885 815 1940 temere
827 1883 1010 1959 occupatam
1025 1883 1161 1942 exueret.

203 1980 323 2037 Horum
351 1976 534 2035 damnorum
560 1975 697 2047 intuitu,
726 1993 804 2051 quae
832 1975 884 2034 rel
910 1975 971 2051 ipsi
992 1976 1162 2037 Galliarum

205 2070 368 2130 antistites
381 2069 413 2126 iu
436 2068 542 2127 insula
559 2069 729 2128 Caesareae
748 2075 977 2128 commorantes
999 2069 1061 2128 sibi
1078 2084 1163 2144 erpo-

205 2166 350 2235 suerunt,
372 2161 506 2238 ingenue
527 2161 667 2220 Marchio
689 2161 872 2238 profitetur,
894 2181 911 2221 e
935 2164 1038 2222 medio
1057 2164 1163 2222 tollen·

205 2258 275 2316 dam
297 2255 422 2313 omuino
450 2271 518 2312 esse
543 2252 729 2330 sacrilegam
758 2251 949 2313 invasionem
978 2253 1162 2324 huiusmodi

204 2349 279 2408 hinc
293 2348 359 2424 ipsa
380 2346 507 2406 minime
522 2345 680 2422 dubitans,
700 2352 906 2408 memoratum
921 2349 1047 2409 Guillot
1064 2353 1162 2411 natum

204 2441 237 2500 in
259 2439 393 2499 dioecesi
414 2439 553 2512 hoiensi,
569 2446 602 2500 et
621 2445 777 2500 rectorem
798 2441 932 2501 alterius
952 2457 992 2500 ex
1012 2441 1162 2518 parochiis

204 2533 342 2594 eiusdem
363 2531 507 2592 civitatis
527 2533 633 2612 lugam
654 2537 857 2610 arrepturum
878 2534 988 2593 statim
1009 2539 1108 2612 atque
1121 2535 1162 2594 le·

205 2625 351 2706 gitimum
372 2629 530 2705 pastorem
544 2646 635 2687 suum
655 2627 867 2704 conspiceret,
890 2630 1001 2688 auctor
1021 2629 1083 2689 tibi
1096 2626 1160 2699 fuit,

205 2725 243 2781 ut
257 2739 319 2781 una
339 2739 442 2781 secum
464 2725 497 2781 te
517 2722 550 2780 in
571 2721 771 2788 Britanniam
792 2721 970 2795 conferres3
992 2723 1084 2784 cuius
1097 2721 1162 2800 qui·

205 2817 275 2876 dem
290 2815 450 2875 voluntati
464 2815 512 2876 ita
529 2815 627 2875 alacri
642 2819 848 2891 promptoque
861 2816 967 2875 auimo
979 2835 1013 2875 es
1026 2831 1162 2876 assensus

204 2927 261 2987 pro
282 2913 337 2969 tuo
357 2910 389 2969 in
412 2908 598 2987 religionem
620 2909 743 2982 studio,
767 2912 806 2967 ut
826 2911 910 2968 omui
932 2925 1040 2969 rerum
1061 2908 1161 2970 discri-

202 3003 288 3062 mine
308 3003 488 3081 posthabito
520 3003 563 3062 sis
594 3002 671 3061 illuc
703 3021 766 3062 una
793 3020 862 3061 cum
890 3003 1073 3063 Marchione
1107 3004 1161 3063 iam

202 3095 268 3156 iter
282 3114 461 3174 aggressus.
477 3095 643 3173 Significas
671 3111 759 3167 vero,
775 3095 967 3156 assentiente
981 3095 1081 3156 etiam
1101 3097 1159 3173 ipso

202 3190 404 3262 marchione,
428 3189 601 3250 catholicas
622 3189 787 3266 regiasque
819 3189 956 3250 militum
982 3191 1087 3269 copias
1107 3204 1159 3247 non

203 3298 326 3358 semper
346 3282 378 3341 in
401 3285 457 3342 tua
478 3281 612 3341 dioecesi
633 3299 866 3358 permansuras,
884 3281 917 3341 in
939 3301 1001 3360 qua
1021 3283 1070 3343 uti
1091 3280 1159 3358 legi·
1198 3307 1199 3332 l

203 3375 301 3434 timus
322 3379 431 3453 pastor
451 3374 615 3453 spirituali
641 3375 860 3435 iurisdictione
879 3375 1038 3452 polleres,
1060 3373 1158 3436 sedin
1198 3409 1199 3428 ,

267 3489 302 3546 u>
318 3486 377 3536 Vid.
393 3501 451 3548 sup.
467 3501 526 3548 pag.
544 3487 584 3536 Bt.
