2488 4204
610 283 648 297 ..
671 251 708 310 14
731 283 768 296 ..

206 359 368 432 Ecclesiis‚
382 374 475 436 quam
495 357 618 435 quidem
640 357 862 435 publicationis
875 358 1009 420 formam
1024 379 1173 438 expresse

89 487 92 492 -
208 452 345 529 requirit
365 451 608 525 Tridentinum,
631 455 668 511 ut
689 455 760 529 post
781 452 919 530 triginta
939 453 1005 514 dies
1027 473 1046 515 a
1067 455 1175 532 publi-

206 546 331 607 catione
351 546 435 605 iacta
455 544 588 622 incipiat
609 546 763 623 obligare.

206 752 266 793 non
288 735 394 811 magni
415 733 565 793 momenti
587 751 652 792 esse
673 734 768 810 probe
790 733 944 810 agnoscis:
967 733 1047 793 illud
1063 734 1171 810 potius

207 845 313 906 urges,
336 831 370 888 et
389 827 540 887 conficere
555 826 688 898 conaris,
705 828 785 904 quod
806 827 909 903 posito
923 825 1020 886 etiam
1035 827 1172 887 Triden-

206 923 266 984 uni
288 921 418 983 concilii
440 923 599 981 decatum
614 905 755 980 fuissem
771 919 904 997 singulis
918 921 1096 982 Galliarum
1111 923 1176 981 ra·
1236 947 1237 952 κ

209 1015 321 1075 roeciis
336 1014 541 1091 publicatum,
558 1032 617 1073 non
639 1013 756 1073 idcireo
771 1013 860 1074 nulla
880 1033 915 1074 ac
929 1015 1025 1074 irrita
1046 1016 1172 1075 censeri

209 1110 359 1170 deberent
374 1106 576 1168 matrimonia
589 1107 656 1166 sine
671 1107 799 1184 parochi
813 1107 992 1184 praesentia
1005 1111 1173 1168 contracta

268 641 328 700 Sed
350 641 388 699 de
410 640 467 698 hoc
488 657 527 698 ne
548 641 596 700 Tu
618 639 742 716 quidem
764 639 858 700 nimis
878 640 1000 714 instas,
1023 641 1171 717 quoniam

209 1203 250 1264 iis
271 1203 303 1262 in
324 1202 425 1274 locis,
448 1200 480 1259 in
502 1200 613 1280 quihus
635 1200 764 1276 parochi
786 1200 965 1277 praesentia
979 1201 1090 1260 haberi
1112 1220 1173 1262 non

209 1298 320 1373 possit.
343 1297 379 1355 In
400 1293 488 1353 cuius
509 1292 556 1352 rei
577 1292 859 1365 confirmationem,
875 1297 910 1353 et
922 1292 1175 1354 clarissimorum

210 1390 355 1451 virorum
377 1386 561 1448 testimonia
580 1385 722 1463 profers,
745 1387 1024 1446 etauctoritatem
1045 1386 1176 1463 potissi·

210 1501 295 1543 mum
309 1485 425 1542 Sacrae
446 1478 708 1556 Congregationis
728 1478 873 1539 concilii.
890 1479 939 1540 Ab
953 1498 990 1540 ea
1004 1479 1088 1540 euim
1102 1479 1176 1557 plu·
1237 1455 1238 1544 i

211 1578 273 1638 ries
288 1575 461 1635 resolutum
477 1589 544 1631 esse
559 1573 703 1645 adnotes,
717 1571 866 1632 satisfieri
881 1572 978 1632 menti
993 1572 1175 1632 Tridentini

210 1671 341 1736 concilii
362 1668 546 1729 celebrando
569 1668 803 1729 matrimonium
825 1685 929 1727 coram
951 1667 1098 1740 testibus,
1121 1663 1182 1728 ubi'

210 1765 345 1828 Paroohi
367 1762 546 1843 praesentia
563 1763 674 1822 haberi
695 1767 840 1840 nequeat.
855 1765 979 1839 Exque
995 1761 1114 1823 inferre
1129 1763 1177 1821 Te

210 1879 298 1940 posse
327 1859 517 1931 arbitraris,
545 1858 652 1917 valida
679 1858 801 1917 censeri
830 1859 942 1917 debere
971 1855 1177 1918 matrimonia

211 1955 278 2015 sine
300 1952 425 2030 parochi
447 1951 626 2029 praesentia
644 1951 803 2011 celebrata
825 1952 862 2011 ab
885 1950 926 2010 iis
950 1950 1096 2011 fidelibus
1109 1952 1177 2011 Lu-

210 2046 366 2109 oionensis
381 2044 542 2117 dioecesis,
558 2044 610 2120 qui
629 2045 763 2120 parocho
785 2062 892 2104 carere
914 2046 1082 2122 coguntur,
1099 2061 1178 2120 quo-

212 2142 296 2202 niam
323 2140 356 2199 in
385 2139 450 2198 vim
478 2138 719 2215 praememorati
746 2138 871 2198 Decreti
893 2138 1074 2202 Nationalie
1095 2138 1178 2198 Gon-

211 2238 344 2307 ventus‚
367 2231 568 2292 matrimonia
588 2231 735 2292 contrahi
749 2231 863 2292 debent
877 2250 980 2293 coram
1002 2231 1178 2308 municipa-

211 2330 329 2401 litate‚
358 2345 412 2387 seu
442 2325 566 2386 officiali
592 2326 630 2385 ab
661 2326 729 2403 ipsa
756 2325 1008 2404 municipalitate
1039 2326 1176 2399 delecto;

211 2422 351 2502 qnodque
371 2419 506 2479 multum
528 2420 663 2479 interest
683 2421 721 2479 ad
743 2419 786 2492 id,
809 2421 846 2480 de
867 2439 927 2497 qno
942 2418 1062 2498 agitur,
1078 2420 1177 2480 etiam

211 2533 316 2577 coram
337 2516 472 2591 quatuor
493 2512 640 2574 testibus.
1239 2579 1240 2598 Χ

272 2611 356 2671 Haec
385 2625 505 2668 summa
532 2610 582 2668 eet
609 2625 736 2683 eornm,
766 2626 845 2686 quae
873 2607 905 2666 in
935 2610 1004 2669 Tua
1031 2607 1177 2685 Epistola
1239 2627 1240 2702 p

210 2703 426 2776 continentur,
448 2705 542 2779 atque
562 2702 661 2762 ferme
682 2703 758 2762 haec
780 2701 848 2780 ipsa
868 2702 1089 2779 complectitur
1102 2703 1178 2781 Epi·
1239 2709 1240 2780 ξ

213 2798 306 2871 stola,
322 2813 415 2874 qnam
430 2796 633 2858 Lucionensis
647 2795 798 2857 dioecesis
813 2795 941 2872 parochi
956 2797 995 2857 ad
1009 2797 1054 2855 Te
1069 2800 1177 2857 trans·
1238 2817 1240 2898 p

213 2891 380 2953 miserunt.

273 2988 316 3047 Ut
336 2983 438 3062 igitur
458 2982 498 3043 iis
519 2983 672 3056 omnihus,
688 3000 766 3058 quae
781 2984 1011 3059 proponuntur,
1027 2986 1177 3059 opportu-
1239 3026 1240 3038 ,

213 3097 286 3139 nnm
302 3079 433 3139 daretur
448 3085 644 3155 responsum,
659 3076 747 3149 haec,
759 3094 837 3153 qnae
853 3079 1038 3154 sequuntur,
1054 3095 1177 3155 aprae-
1239 3087 1240 3148 s

213 3172 281 3234 fata
301 3171 515 3234 Gurdinalium
536 3169 784 3248 congregatione
805 3171 979 3230 constituta
992 3170 1133 3231 fuerunt.

274 3267 303 3326 l.
319 3267 455 3327 Frustra
475 3265 687 3343 quaestionem
718 3266 808 3324 modo
839 3263 980 3338 moveri,
1003 3282 1076 3324 num
1100 3265 1176 3325 Tri·

212 3360 334 3420 dentini
356 3360 488 3423 concilii
509 3361 668 3420 decretum
694 3359 888 3436 publicatum
903 3359 933 3417 in
954 3357 1088 3436 singulis
1102 3358 1177 3418 Gal-

211 3453 329 3514 liarum
340 3453 491 3515 Ecclesiis
506 3447 615 3512 fuerit.
632 3452 707 3513 Oum
724 3452 807 3512 enim
822 3456 909 3513 certo
920 3452 1039 3513 certius
1051 3455 1176 3513 constet

210 3547 244 3606 in
266 3547 414 3609 Ecclesiis
436 3546 612 3608 Galliarum
626 3547 688 3606 iam
710 3563 767 3606 usu
789 3550 950 3625 receptum
964 3564 1043 3622 esse,
1059 3550 1095 3607 ut
1108 3565 1175 3607 ma-
