2430 4202
624 233 661 244 -
683 200 743 260 306
764 232 803 245 ..

231 307 427 368 subscribere
454 305 603 366 iubentur
631 311 701 384 post
728 307 845 366 editam
872 305 947 366 fidei
971 305 1187 383 professionem

231 401 323 460 iuxta
344 398 511 459 formulam
531 400 582 459 Pii
603 401 764 461 1v.11.2.

288 492 406 554 Altieri
428 492 589 553 Vincentii
610 493 730 554 Mariae
755 492 990 553 cardinalatum
1018 491 1188 553 abdicantis

125 577 126 580 ¹
229 583 427 646 renunciatio
442 603 461 644 a
475 584 532 644 Pio
548 586 592 644 Vl
606 585 802 646 admittitur.
816 586 858 644 II.
875 585 945 644 176.
956 584 1075 643 -Illius
1097 587 1190 660 prote·

232 677 328 738 statio
349 676 402 737 vel
423 677 624 737 retractatio.
640 676 712 738 250.

291 769 509 831 Ambianensis
523 768 692 846 Episcopus
707 768 913 847 (Ludovicns)
926 769 1083 829 -Summi
1096 769 1191 829 Ponti·

230 866 298 926 fiois
318 865 358 924 ad
380 882 450 923 eum
472 863 629 941 Epistola.
642 864 667 923 Ι.
679 865 732 924 36.

231 953 235 960 ’
291 957 426 1034 Angliae
434 957 532 1035 Regis
542 956 672 1034 Georgii
685 956 864 1017 liberalitas
878 975 957 1034 erga
969 957 1191 1018 ecclesiasticos

231 1051 341 1112 Gallos
355 1050 422 1110 illic
438 1051 630 1124 exsulantes,
647 1055 681 1110 et
695 1049 846 1109 beneficia
859 1039 1029 1109 catholicis
1051 1051 1114 1109 sibi
1134 1050 1191 1108 sub

233 1145 309 1204 ditis
321 1144 406 1203 abeo
421 1144 549 1204 collata.
561 1146 585 1204 Ι.
596 1144 668 1217 348,
684 1144 755 1204 376.
766 1175 782 1189 -
793 1145 833 1203 ΙΙ.
847 1145 899 1210 44,
912 1144 965 1216 47,
977 1144 1033 1216 49,
1049 1144 1121 1216 194,
1132 1144 1189 1203 237.

291 1232 484 1315 Anglioanae
498 1237 748 1298 consuetudines.
762 1238 787 1295 Ι.
799 1237 869 1296 427.
888 1237 968 1297 Vide
985 1236 1192 1298 Consuetudi-

230 1349 314 1392 πα.-
324 1330 458 1408 Angliae
472 1333 506 1390 et
519 1330 688 1390 Hiberniae
702 1330 868 1390 catholicis
882 1330 1003 1390 Paulus
1017 1332 1048 1390 V
1060 1331 1192 1407 prohibet

149 1469 152 1474 .
233 1423 480 1484 communionem
510 1441 581 1482 oum
608 1422 797 1495 haereticis,
827 1426 861 1482 et
886 1422 1111 1483 iuramentum
1129 1422 1190 1500 qnod

232 1517 431 1596 exigebatur.
449 1517 473 1576 1.
490 1517 561 1590 434,
578 1517 648 1577 438.

293 1611 400 1673 Antici
422 1611 560 1670 Thomas
584 1608 814 1671 cardinalatum
835 1609 1015 1670 abdicantis
1038 1611 1190 1671 renuncia·

232 1706 352 1767 tionem
373 1703 523 1765 Pontifex
544 1703 698 1763 admittit.
721 1704 762 1763 ll.
779 1703 847 1763 174.
863 1738 880 1751 -
894 1703 988 1762 Illius
1012 1703 1190 1780 protestatio

236 1822 289 1864 seu
311 1801 510 1862 retractatio.
527 1799 598 1861 254.
639 1853 643 1859 .

295 1893 458 1956 Antonelli
477 1892 653 1954 Gardinalis
674 1891 816 1970 Epistola
837 1891 875 1950 de
896 1891 1084 1952 iuramento
1108 1892 1194 1952 fideli·

233 1988 312 2050 tatis
333 1985 536 2063 Reipublicae
558 1985 699 2045 Gallicae
721 1984 926 2045 41411222.

294 2080 474 2159 apostolica
505 2079 584 2138 Sede
612 2083 746 2138 vacante
774 2077 848 2153 quid
877 2077 909 2135 in
937 2095 1014 2137 casu
1036 2081 1193 2157 agendum.

233 2177 314 2238 Vide
337 2173 505 2234 Conclave.

294 2268 530 2345 Appellationes
551 2267 590 2324 ad
610 2264 835 2342 Magistratum
861 2263 990 2323 civilem
1017 2283 1115 2342 quam
1139 2265 1195 2325 ille·

236 2362 378 2440 gitimae.
393 2363 418 2420 Ι.
436 2361 487 2421 91.

296 2453 450 2530 Aquensis
477 2453 648 2529 Episcopus
676 2449 826 2531 (Carolus
854 2452 1019 2528 Augustus
1047 2451 1193 2531 Laquien)

236 2550 398 2611 laudatur.
415 2547 440 2606 I.
461 2545 528 2606 151.

295 2639 576 2718 Argentoratensis
588 2638 758 2716 Episcopus
771 2637 961 2714 (Ludovicus
974 2639 1155 2700 Cardinalis
1166 2639 1194 2696 de

236 2731 386 2814 Rohan)-
396 2732 517 2794 Summi
532 2732 697 2792 Pontifiois
712 2735 833 2791 adeum
848 2731 1005 2809 Epistola.
1017 2734 1043 2792 Ι.
1058 2734 1128 2807 166,
1136 2731 1193 2792 370.

235 2829 449 2891 -Facultates
470 2826 569 2887 eidem
585 2843 757 2886 concessae.
772 2826 844 2899 202,
857 2826 1196 2888 204.·Instruotionem

236 2927 274 2984 ad
296 2922 423 2984 (ilerum
445 2918 631 2978 mittendam
646 2919 846 2995 Apostolicae
868 2919 957 2978 Sedis
978 2919 1101 2981 iudicio
1116 2917 1198 2980 subii·

238 3018 294 3077 eit.
307 3016 348 3075 11.
367 3012 435 3073 127.
445 3010 547 3077 -Quid
563 3013 710 3072 Pontifex
724 3011 903 3072 distinctius
918 3011 950 3070 in
966 3030 1005 3073 ea
1018 3013 1197 3091 explicanda

236 3105 480 3169 censuerit.128.
500 3107 811 3182 -Argentoratenses
836 3105 1009 3165 catholicos
1038 3111 1148 3166 monet
1170 3105 1197 3162 ut

236 3200 398 3278 praedicto
418 3199 569 3277 Episcopo
596 3199 673 3260 licet
693 3200 800 3277 inique
821 3218 840 3259 a
861 3217 918 3258 sua
941 3200 1015 3260 sede
1040 3201 1196 3261 deturbato

239 3296 328 3354 unice
350 3295 554 3354 adhaereant.
577 3294 690 3355 I.169.

295 3387 587 3462 Augustodunensis
607 3389 778 3466 Episcopus
799 3390 943 3467 (Garolus
956 3388 1147 3469 Mauritius)
1161 3397 1209 3446 sa·

237 3487 397 3543 eramento
422 3481 520 3542 civico
542 3500 574 3542 se
600 3482 783 3561 obstringit.
800 3484 825 3543 Ι.
845 3481 1061 3561 llO.·Inepta
1089 3497 1198 3558 compa·
