2424 4196
22 319 143 380 celerius
166 321 235 380 lieri
257 321 379 397 poterit
400 323 595 395 absolvendi,
617 324 773 398 cogantur
794 320 887 381 iidem
903 323 976 382 lile-

12 403 112 474 ¹ctores
132 416 170 475 ad
192 415 289 475 aliam
311 415 501 474 mansionem
517 415 694 492 eligendam
710 414 837 474 minime
858 415 976 476 incom-

23 510 143 579 modam,
160 511 193 566 et
214 507 251 566 ad
274 525 312 567 ea
332 525 411 584 quae
426 507 565 566 diximus
579 510 758 584 peragenda
774 509 981 585 opportunioe

22 618 88 658 rem.
109 602 309 677 Quapropter
332 601 474 660 volentes
487 601 551 660 Nos
566 600 649 660 omni
665 606 698 659 et
712 618 903 677 quacumque
920 604 976 661 du-

23 694 166 752 bitatione
188 692 272 752 ciroa
293 693 452 754 conclavis
468 694 569 752 locum
583 693 811 754 immutandum
827 695 977 756 (lardica-

21 786 59 844 les
78 789 201 847 solvere
222 806 259 847 ao
281 788 431 859 liberare,
447 788 667 848 cardinalibus
685 787 760 864 ipsis
774 787 826 864 qui
841 789 977 850 aderunt

22 879 220 958 indulgemus,
238 883 274 940 ut
295 881 436 940 universi
456 880 488 938 in
511 898 580 939 eum
603 881 704 940 locum
718 899 751 940 se
764 880 972 954 transferant,

23 973 67 1048 qui
86 976 123 1036 ab
146 975 258 1035 iisdem
280 975 332 1034 vel
354 992 373 1033 a
394 973 552 1050 plerisque
574 992 681 1033 eorum
702 973 808 1051 aptior
829 979 863 1034 et
876 975 976 1052 magis

23 1069 202 1128 couveniens
224 1067 436 1141 iudicabitur;
457 1085 493 1128 ac
514 1069 709 1129 declaramus
731 1070 810 1129 bano
834 1069 867 1127 in
889 1069 975 1129 aliud

22 1162 160 1222 conclave
192 1161 430 1221 translationem
456 1160 653 1238 legitimitati
684 1167 774 1222 actus
805 1162 976 1239 peragendi

22 1255 99 1314 nullo
120 1267 211 1331 pacto
233 1255 351 1314 obesse.

71 1351 205 1408 Eaedem
214 1348 383 1408 hodiernae
400 1346 602 1410 difficultates
616 1365 721 1408 rerum
736 1365 772 1407 ac
785 1349 978 1424 temporum,

21 1460 86 1516 quas
105 1443 162 1502 vix
183 1459 311 1518 sperare
332 1440 408 1500 licet
429 1440 521 1500 facile
542 1441 574 1499 in
597 1441 762 1518 pristinam
784 1440 921 1517 quietem
943 1443 977 1500 ot

21 1536 214 1598 securitatem
237 1536 285 1596 ita
305 1535 506 1594 immutatum
529 1533 582 1606 iri,
602 1538 638 1593 ut
658 1535 738 1594 nulli
754 1534 976 1610 impedimento

22 1627 146 1688 obnoxia
166 1629 210 1687 sit
230 1628 312 1688 alius
333 1627 413 1702 legis
435 1627 637 1686 observantia
657 1629 694 1685 de
715 1626 778 1698 die,
792 1643 852 1701 quo
869 1625 979 1686 (lardi-

20 1721 96 1780 nales
118 1725 300 1798 praesentes
320 1719 468 1779 conclave
490 1719 729 1795 ingrediantur,
758 1725 834 1796 quot
855 1721 977 1781 scilicet

22 1814 138 1886 diebus,
168 1818 240 1891 post
261 1813 423 1874 viduatam
445 1812 636 1889 pontificiam
659 1813 770 1872 Sedem
794 1815 886 1873 simul
908 1833 980 1874 con·

23 1912 120 1970 venire
137 1912 270 1971 debeant
284 1914 317 1969 et
332 1911 473 1969 secedere
484 1911 520 1968 ad
534 1909 719 1968 electionem
736 1910 975 1986 perficiendam:

15 2005 136 2061 ,eaedem
150 2003 364 2078 inquiebamus
376 2001 576 2062 difficultates
589 2000 666 2061 illud
690 2001 785 2061 etiam
803 2001 976 2078 postulent,

24 2099 53 2153 ut
66 2101 136 2171 post
150 2100 306 2155 maturam
323 2095 618 2166 considerationem,
631 2101 664 2155 et
675 2112 795 2155 omnem
809 2114 887 2172 quae
898 2095 977 2155 oriri

21 2193 115 2262 posset
137 2189 363 2248 dubitationem
387 2190 425 2247 ab
446 2189 558 2248 animis
580 2189 746 2261 tollentes,
774 2191 977 2249 decernamus

22 2283 86 2357 quid
114 2285 146 2343 in
175 2285 284 2344 futuro
305 2286 402 2360 quoad
427 2284 598 2359 praelatam
620 2284 722 2359 legem
745 2285 898 2360 agendum
921 2284 978 2344 sit.¹

21 2375 167 2436 Novimus
190 2378 347 2436 nonnullis
368 2377 481 2435 abhinc
502 2377 635 2436 saeculis
657 2376 814 2436 invectam
831 2378 927 2438 inisse
941 2396 978 2439 ac

22 2469 124 2528 deindo
147 2474 304 2530 servatam
319 2469 585 2541 consuetudinem,
601 2487 679 2545 quae
694 2470 911 2548 multomagis
925 2490 978 2531 ro-

21 2560 126 2622 borata
138 2570 187 2622 est
198 2567 266 2640 post
277 2563 379 2622 editas
391 2563 631 2622 constitutiones
644 2564 790 2640 Gregorii
802 2566 844 2637 X,
857 2564 907 2624 Pii
919 2566 975 2637 IV,

22 2655 160 2732 Gregorii
189 2659 264 2716 Xlll
291 2657 485 2733 aliorumque
515 2657 700 2716 Pontificum
729 2661 762 2716 et
789 2657 977 2734 praesertim

22 2748 183 2809 Clementis
209 2753 286 2820 XII,
316 2749 421 2826 quiin
444 2768 499 2809 sua
521 2750 746 2809 constitutione
770 2750 979 2826 Apostolutus

25 2843 153 2916 officium
174 2845 241 2903 eius
263 2844 309 2902 rei
332 2861 477 2919 expresse
501 2862 559 2901 non
582 2843 737 2915 meminit,
754 2845 804 2902 sed
821 2843 979 2920 generali·

24 2938 154 2996 teneam
178 2937 343 2996 confirmat
356 2955 425 2995 cum
448 2939 562 2996 ceteris
583 2955 660 3012 quae
683 2955 701 2995 a
720 2937 978 3013 praecedentibus

22 3029 221 3090 Pontificibus
236 3030 360 3088 decreta
376 3030 522 3103 luerunt,
537 3029 791 3089 consuetudinem
807 3029 977 3105 inquimus,

24 3125 55 3178 ut
77 3125 193 3182 decima
213 3123 262 3182 die
284 3126 353 3199 post
374 3122 491 3182 obitum
516 3122 679 3182 Pontificio
704 3122 887 3182 cardinales
909 3141 980 3181 con·

24 3213 105 3274 clare
130 3215 255 3294 ingredi
284 3216 433 3287 debeant,
465 3216 568 3293 ibique
595 3213 733 3274 conclusi
755 3233 880 3290 operam
903 3217 978 3274 dare

23 3307 170 3368 electioni.
201 3311 265 3368 Hac
294 3309 362 3385 lego
389 3308 492 3368 cosin
517 3309 706 3368 conscientia
728 3309 863 3385 obligari
885 3309 979 3369 multi

23 3400 198 3462 Canonistae
225 3401 401 3474 affirmant,
423 3419 492 3460 cum
514 3421 645 3478 aequum
669 3408 701 3463 et
723 3404 840 3462 iustum
867 3403 919 3478 sit,
944 3407 980 3462 ut

23 3494 158 3557 absentes
184 3496 367 3559 Oardinales
389 3496 476 3556 intra
497 3496 601 3556 decem
622 3495 744 3556 dierum
766 3497 902 3573 spatium
925 3516 981 3557 ve-
