2488 4204
443 251 481 264 ..
503 223 542 278 47
562 249 600 262 ..

49 333 99 391 sibi
119 335 274 392 caverent
293 349 311 390 a
330 331 461 408 quodam
489 329 614 390 Gnillot
639 332 676 390 de
698 330 890 404 Folleville,
913 349 1005 409 quem

47 424 209 500 perhibent
229 441 260 482 se
281 421 418 500 episcopi
431 426 548 500 Agnae,
572 434 605 482 et
623 422 737 482 vicarii
759 423 925 501 apostolici
949 443 1004 484 no-

47 519 120 576 nine
140 534 336 592 nuncupare.
352 516 503 583 Quoniam
527 523 631 576 autem
655 516 721 577 illis
735 517 863 577 Nostris
884 518 1005 578 litteris

44 611 211 686 peculiaris
232 612 269 669 de
285 614 317 669 te
331 610 448 670 mentio
462 609 548 669 facta
566 613 626 682 est,
640 615 849 687 opportunum
865 612 1006 672 ducimus

43 704 121 763 hisce
142 704 317 780 adiungere
331 705 501 764 earundem
516 703 700 764 litterarum
722 705 911 780 exemplum,
922 707 958 764 ut
970 709 1005 765 tu

42 817 159 875 quoque
176 799 375 858 dioecesanos
395 802 467 858 tuos
490 799 529 858 ab
550 797 728 857 huiusmodi
755 797 936 875 deceptione
957 816 1007 858 re·

43 892 211 952 trahendos
230 891 367 950 maxime
388 909 489 950 cures.
506 891 675 968 Speremus
696 891 839 968 equidem
861 892 946 965 fore,
970 895 1006 952 ut

42 984 205 1061 angustias
218 991 252 1043 et
266 982 492 1061 aegritudines,
506 983 536 1042 in
553 983 664 1060 quibus
683 1001 859 1057 versamur,
879 984 1004 1044 tandem

41 1076 210 1153 aliquando
233 1076 347 1153 gaudia
368 1081 400 1134 et
421 1076 651 1135 consolationes
664 1076 834 1153 excipiant,
854 1095 931 1153 quas
943 1079 1007 1140 Nc·

43 1169 112 1229 stris
141 1187 221 1230 sane
257 1169 400 1246 precibus
428 1169 569 1246 quotidie
592 1188 611 1229 e
631 1171 693 1229 Deo
715 1171 840 1246 Optimo
868 1171 1006 1230 Maximo

42 1264 249 1338 postulamus,
273 1265 345 1322 dum
368 1263 496 1322 interim
512 1261 583 1334 tibi,
597 1262 661 1321 tuis
682 1263 905 1335 confratribus,
921 1263 1008 1323 aliis·
1127 1283 1140 1308 s

42 1375 95 1432 que
116 1355 343 1416 ecclesiasticis
365 1355 464 1415 Gallis
487 1356 518 1414 in
534 1356 596 1414 isto
618 1373 715 1433 regno
730 1357 1004 1430 commorantibus,

40 1451 243 1526 apostolicam
259 1449 506 1509 benedictionem
529 1453 729 1525 peramanter
751 1450 962 1526 impertimur.

95 1546 216 1605 Datum
239 1546 355 1603 Romae
377 1543 427 1601 die
440 1545 470 1602 ll
484 1543 679 1619 Septembris
693 1544 913 1617 MDGOXGIII,
927 1545 1007 1603 Pon-

44 1638 180 1699 tificatus
203 1637 315 1698 Nostri
334 1654 414 1695 anno
435 1637 522 1696 XIX.

501 1818 549 1874 X.

304 1943 479 1989 duns1ss1mo
500 1945 593 1987 sufflo
614 1943 752 1986 PRINCIPI

389 2089 660 2150 AUGUSTO

222 2249 367 2327 Mapnae
388 2248 590 2308 Britanniae
610 2249 709 2325 Rapis
737 2247 825 2348 Filio

253 2417 425 2498 PIUS
480 2417 673 2494 PAPA
726 2418 796 2494 Vl.

244 2606 443 2665 celsissime
464 2604 642 2677 Princeps,
665 2605 828 2663 Salutem.

60 2827 62 2840 ,
101 2769 193 2828 Haud
214 2765 377 2842 ingratum
398 2763 467 2822 fore
490 2763 674 2839 putabamus
693 2762 800 2838 regiae
821 2761 1010 2824 celsitudini

50 2860 134 2931 tuae,
157 2860 241 2937 quod
268 2859 359 2918 hasce
372 2857 507 2918 Nostras
529 2857 655 2916 litteras
676 2857 851 2916 reddendas
872 2855 931 2913 tibi
954 2873 1010 2912 cu-

51 2969 146 3014 remus
157 2954 226 3030 ipso
240 2952 306 3012 fere
321 2950 471 3028 temporis
494 2954 652 3008 momento
668 2949 788 3009 reditus
800 2948 847 3007 tui
861 2948 899 3006 ed
915 2947 1010 3006 istam

51 3047 175 3120 urbem,
200 3063 291 3123 quem
321 3045 459 3104 faustum
487 3044 670 3120 felicemque
695 3042 792 3102 fuisse
813 3040 1007 3100 confidimus.

49 3139 162 3202 Nostra
184 3140 267 3198 enim
289 3138 421 3197 consilia
443 3157 503 3196 non
526 3137 587 3196 alio
604 3138 758 3213 spectant,
782 3133 840 3193 nisi
864 3136 901 3192 ut
915 3132 1011 3192 etiam

51 3237 136 3310 atque
160 3233 258 3293 etiam
274 3233 334 3291 tibi
356 3232 437 3292 certi
453 3232 518 3292 sint
540 3236 633 3308 atque
648 3229 807 3306 explorati
827 3227 938 3288 Nostri
959 3227 1011 3286 illi

51 3327 301 3398 existimationis,
329 3329 362 3385 et
382 3326 540 3386 amicitiae
562 3327 593 3383 in
617 3328 648 3384 te
669 3342 786 3395 sensus,
804 3340 880 3399 quos
893 3322 1010 3382 Nostro

52 3422 240 3498 concepimus
262 3420 365 3480 animo
386 3438 463 3496 erga
484 3419 708 3480 celsitudinem
731 3422 836 3489 tuam,
859 3435 929 3476 cum
951 3435 1010 3476 non

52 3510 111 3572 sine
124 3516 242 3576 Nostra
257 3513 373 3573 eximia
386 3513 552 3590 voluptate
576 3513 608 3571 in
623 3513 680 3571 hac
698 3512 780 3572 alma
802 3512 879 3571 urbe
892 3527 1011 3572 moram
