<?xml version="1.0" encoding="UTF-8"?>
<!DOCTYPE html PUBLIC "-//W3C//DTD XHTML 1.0 Transitional//EN"
    "http://www.w3.org/TR/xhtml1/DTD/xhtml1-transitional.dtd">
<html xmlns="http://www.w3.org/1999/xhtml" xml:lang="en" lang="en">
 <head>
  <title>
</title>
<meta http-equiv="Content-Type" content="text/html;charset=utf-8" />
  <meta name='ocr-system' content='tesseract 3.04.00' />
  <meta name='ocr-capabilities' content='ocr_page ocr_carea ocr_par ocr_line ocrx_word'/>
</head>
<body>
  <div class='ocr_page' id='page_1' title='image "./piivipontmaxact01piusgoog_0148.png"; bbox 0 0 2424 4196; ppageno 0'>
   <div class='ocr_carea' id='block_1_1' title="bbox 631 215 812 276">
    <p class='ocr_par' dir='ltr' id='par_1_1' title="bbox 631 215 812 276">
     <span class='ocr_line' id='line_1_1' title="bbox 631 215 812 276; baseline 0 -16"><span class='ocrx_word' id='word_1_1' title='bbox 631 215 812 276; x_wconf 77' lang='lat'>-140..</span> 
     </span>
    </p>
   </div>
   <div class='ocr_carea' id='block_1_2' title="bbox 547 362 893 533">
    <p class='ocr_par' dir='ltr' id='par_1_2' title="bbox 547 362 893 533">
     <span class='ocr_line' id='line_1_2' title="bbox 657 362 786 418; baseline 0.008 -1"><span class='ocrx_word' id='word_1_2' title='bbox 657 362 786 418; x_wconf 79' lang='lat' dir='ltr'>xum.</span> 
     </span>
     <span class='ocr_line' id='line_1_3' title="bbox 547 462 893 533; baseline 0.006 -2"><span class='ocrx_word' id='word_1_3' title='bbox 547 462 893 533; x_wconf 85' lang='lat' dir='ltr'>RESPONSA</span> 
     </span>
    </p>
   </div>
   <div class='ocr_carea' id='block_1_3' title="bbox 283 633 1151 716">
    <p class='ocr_par' dir='ltr' id='par_1_3' title="bbox 283 633 1151 716">
     <span class='ocr_line' id='line_1_4' title="bbox 283 633 1151 716; baseline -0.002 -24"><span class='ocrx_word' id='word_1_4' title='bbox 283 633 338 692; x_wconf 82' lang='lat' dir='ltr'>Ad</span> <span class='ocrx_word' id='word_1_5' title='bbox 359 633 519 711; x_wconf 82' lang='lat' dir='ltr'><strong><em>quaedam</em></strong></span> <span class='ocrx_word' id='word_1_6' title='bbox 540 633 641 693; x_wconf 80' lang='lat' dir='ltr'>datia</span> <span class='ocrx_word' id='word_1_7' title='bbox 661 633 738 694; x_wconf 71' lang='lat' dir='ltr'>Sede·</span> <span class='ocrx_word' id='word_1_8' title='bbox 757 633 967 716; x_wconf 85' lang='lat' dir='ltr'>Apostolicae</span> <span class='ocrx_word' id='word_1_9' title='bbox 986 634 1151 710; x_wconf 84' lang='lat' dir='ltr'>proposita.</span> 
     </span>
    </p>
   </div>
   <div class='ocr_carea' id='block_1_4' title="bbox 220 781 1202 3562">
    <p class='ocr_par' dir='ltr' id='par_1_4' title="bbox 243 781 1202 1795">
     <span class='ocr_line' id='line_1_5' title="bbox 302 781 1179 861; baseline -0.007 -17"><span class='ocrx_word' id='word_1_10' title='bbox 302 785 349 844; x_wconf 80' lang='lat' dir='ltr'>Ad</span> <span class='ocrx_word' id='word_1_11' title='bbox 361 802 492 844; x_wconf 82' lang='lat' dir='ltr'>examen</span> <span class='ocrx_word' id='word_1_12' title='bbox 514 785 683 856; x_wconf 87' lang='lat' dir='ltr'>revocatis,</span> <span class='ocrx_word' id='word_1_13' title='bbox 698 787 882 861; x_wconf 77' lang='lat' dir='ltr'><strong>matureque</strong></span> <span class='ocrx_word' id='word_1_14' title='bbox 895 783 1043 860; x_wconf 82' lang='lat' dir='ltr'>expensis</span> <span class='ocrx_word' id='word_1_15' title='bbox 1057 802 1076 843; x_wconf 91' lang='lat' dir='ltr'>a</span> <span class='ocrx_word' id='word_1_16' title='bbox 1089 781 1179 841; x_wconf 77' lang='lat' dir='ltr'>selecta</span> 
     </span>
     <span class='ocr_line' id='line_1_6' title="bbox 243 873 1178 956; baseline -0.007 -16"><span class='ocrx_word' id='word_1_17' title='bbox 243 878 456 940; x_wconf 79' lang='lat' dir='ltr'>Cardinalium</span> <span class='ocrx_word' id='word_1_18' title='bbox 471 879 735 956; x_wconf 81' lang='lat' dir='ltr'>Gangragatione,</span> <span class='ocrx_word' id='word_1_19' title='bbox 752 896 846 955; x_wconf 87' lang='lat' dir='ltr'>super</span> <span class='ocrx_word' id='word_1_20' title='bbox 866 878 1002 955; x_wconf 84' lang='lat' dir='ltr'>negotiis</span> <span class='ocrx_word' id='word_1_21' title='bbox 1016 873 1178 936; x_wconf 81' lang='lat' dir='ltr'>ecclesiasti·</span> 
     </span>
     <span class='ocr_line' id='line_1_7' title="bbox 243 967 1178 1049; baseline -0.005 -17"><span class='ocrx_word' id='word_1_22' title='bbox 243 973 287 1033; x_wconf 88' lang='lat' dir='ltr'>cis</span> <span class='ocrx_word' id='word_1_23' title='bbox 302 972 403 1049; x_wconf 79' lang='lat' dir='ltr'>Regni</span> <span class='ocrx_word' id='word_1_24' title='bbox 425 973 602 1032; x_wconf 85' lang='lat' dir='ltr'>Galliarum</span> <span class='ocrx_word' id='word_1_25' title='bbox 624 975 785 1049; x_wconf 88' lang='lat' dir='ltr'>deputata,</span> <span class='ocrx_word' id='word_1_26' title='bbox 804 971 906 1032; x_wconf 91' lang='lat' dir='ltr'>dubiis</span> <span class='ocrx_word' id='word_1_27' title='bbox 921 989 1007 1048; x_wconf 79' lang='lat' dir='ltr'>quac</span> <span class='ocrx_word' id='word_1_28' title='bbox 1021 987 1094 1030; x_wconf 91' lang='lat' dir='ltr'>mox</span> <span class='ocrx_word' id='word_1_29' title='bbox 1107 967 1178 1028; x_wconf 82' lang='lat' dir='ltr'>sotii·</span> 
     </span>
     <span class='ocr_line' id='line_1_8' title="bbox 243 1063 1179 1141; baseline -0.006 -18"><span class='ocrx_word' id='word_1_30' title='bbox 243 1065 389 1137; x_wconf 87' lang='lat' dir='ltr'>ciuntur,</span> <span class='ocrx_word' id='word_1_31' title='bbox 412 1066 570 1124; x_wconf 86' lang='lat' dir='ltr'>sententia</span> <span class='ocrx_word' id='word_1_32' title='bbox 596 1065 732 1125; x_wconf 87' lang='lat' dir='ltr'>eiusdem</span> <span class='ocrx_word' id='word_1_33' title='bbox 755 1064 1016 1141; x_wconf 72' lang='lat' dir='ltr'>congregationis</span> <span class='ocrx_word' id='word_1_34' title='bbox 1038 1063 1179 1140; x_wconf 80' lang='lat' dir='ltr'>probatas</span> 
     </span>
     <span class='ocr_line' id='line_1_9' title="bbox 245 1155 1178 1235; baseline -0.01 -17"><span class='ocrx_word' id='word_1_35' title='bbox 245 1158 394 1218; x_wconf 88' lang='lat' dir='ltr'>Sanctiss.</span> <span class='ocrx_word' id='word_1_36' title='bbox 412 1162 499 1220; x_wconf 89' lang='lat' dir='ltr'>Dom.</span> <span class='ocrx_word' id='word_1_37' title='bbox 514 1160 728 1235; x_wconf 83' lang='lat' dir='ltr'>Nostropapa</span> <span class='ocrx_word' id='word_1_38' title='bbox 738 1158 794 1217; x_wconf 92' lang='lat' dir='ltr'>pio</span> <span class='ocrx_word' id='word_1_39' title='bbox 810 1159 852 1218; x_wconf 94' lang='lat' dir='ltr'>Vl</span> <span class='ocrx_word' id='word_1_40' title='bbox 866 1155 939 1228; x_wconf 85' lang='lat' dir='ltr'>fuit,</span> <span class='ocrx_word' id='word_1_41' title='bbox 957 1155 1178 1233; x_wconf 84' lang='lat' dir='ltr'>respondentur</span> 
     </span>
     <span class='ocr_line' id='line_1_10' title="bbox 244 1253 1202 1329; baseline 0.006 -19"><span class='ocrx_word' id='word_1_42' title='bbox 244 1269 310 1311; x_wconf 88' lang='lat' dir='ltr'>asse</span> <span class='ocrx_word' id='word_1_43' title='bbox 333 1254 370 1311; x_wconf 90' lang='lat' dir='ltr'>ut</span> <span class='ocrx_word' id='word_1_44' title='bbox 390 1253 545 1329; x_wconf 88' lang='lat' dir='ltr'>sequitur.</span> <span class='ocrx_word' id='word_1_45' title='bbox 1201 1311 1202 1316; x_wconf 73' lang='grc'>,</span> 
     </span>
     <span class='ocr_line' id='line_1_11' title="bbox 253 1340 1179 1421; baseline -0.005 -21"><span class='ocrx_word' id='word_1_46' title='bbox 253 1391 258 1400; x_wconf 85' lang='lat'>.</span> <span class='ocrx_word' id='word_1_47' title='bbox 303 1344 599 1421; x_wconf 81' lang='lat' dir='ltr'>Dabiaaprimam.</span> <span class='ocrx_word' id='word_1_48' title='bbox 616 1345 787 1411; x_wconf 80' lang='lat' dir='ltr'><strong>Quaeritur</strong></span> <span class='ocrx_word' id='word_1_49' title='bbox 802 1344 1114 1414; x_wconf 58' lang='lat' dir='ltr'>utrum‘sacerdotes,</span> <span class='ocrx_word' id='word_1_50' title='bbox 1133 1340 1179 1398; x_wconf 84' lang='lat' dir='ltr'>siro</span> 
     </span>
     <span class='ocr_line' id='line_1_12' title="bbox 244 1427 1201 1516; baseline -0.009 -17"><span class='ocrx_word' id='word_1_51' title='bbox 244 1442 317 1499; x_wconf 87' lang='lat' dir='ltr'>ante</span> <span class='ocrx_word' id='word_1_52' title='bbox 338 1439 449 1498; x_wconf 84' lang='lat' dir='ltr'>Brevis</span> <span class='ocrx_word' id='word_1_53' title='bbox 464 1439 638 1516; x_wconf 87' lang='lat' dir='ltr'>Apostolici</span> <span class='ocrx_word' id='word_1_54' title='bbox 654 1435 808 1498; x_wconf 75' lang='lat' dir='ltr'><strong><em>Charitas</em></strong></span> <span class='ocrx_word' id='word_1_55' title='bbox 828 1437 1122 1515; x_wconf 79' lang='lat' dir='ltr'>promulgationem,</span> <span class='ocrx_word' id='word_1_56' title='bbox 1135 1434 1179 1492; x_wconf 84' lang='lat' dir='ltr'>sire</span> <span class='ocrx_word' id='word_1_57' title='bbox 1200 1427 1201 1430; x_wconf 65' lang='grc'>’</span> 
     </span>
     <span class='ocr_line' id='line_1_13' title="bbox 245 1529 1179 1607; baseline -0.007 -16"><span class='ocrx_word' id='word_1_58' title='bbox 245 1534 316 1607; x_wconf 87' lang='lat' dir='ltr'>post</span> <span class='ocrx_word' id='word_1_59' title='bbox 336 1549 403 1590; x_wconf 91' lang='lat' dir='ltr'>eam</span> <span class='ocrx_word' id='word_1_60' title='bbox 426 1533 518 1591; x_wconf 79' lang='lat' dir='ltr'>electi</span> <span class='ocrx_word' id='word_1_61' title='bbox 539 1531 628 1590; x_wconf 89' lang='lat' dir='ltr'>iuxta</span> <span class='ocrx_word' id='word_1_62' title='bbox 649 1533 781 1591; x_wconf 89' lang='lat' dir='ltr'>formam</span> <span class='ocrx_word' id='word_1_63' title='bbox 803 1531 1021 1591; x_wconf 78' lang='lat' dir='ltr'>schismaticae</span> <span class='ocrx_word' id='word_1_64' title='bbox 1045 1529 1179 1592; x_wconf 85' lang='lat' dir='ltr'>Constitu·</span> 
     </span>
     <span class='ocr_line' id='line_1_14' title="bbox 245 1618 1180 1701; baseline -0.006 -17"><span class='ocrx_word' id='word_1_65' title='bbox 245 1625 397 1693; x_wconf 86' lang='lat' dir='ltr'>tionis,ad</span> <span class='ocrx_word' id='word_1_66' title='bbox 414 1625 569 1685; x_wconf 84' lang='lat' dir='ltr'>Ecclesias</span> <span class='ocrx_word' id='word_1_67' title='bbox 589 1625 784 1701; x_wconf 78' lang='lat' dir='ltr'>parochiales</span> <span class='ocrx_word' id='word_1_68' title='bbox 802 1642 933 1696; x_wconf 79' lang='lat' dir='ltr'>uacuas,</span> <span class='ocrx_word' id='word_1_69' title='bbox 954 1630 987 1684; x_wconf 89' lang='lat' dir='ltr'>et</span> <span class='ocrx_word' id='word_1_70' title='bbox 1011 1623 1145 1685; x_wconf 87' lang='lat' dir='ltr'>instituti</span> <span class='ocrx_word' id='word_1_71' title='bbox 1156 1618 1180 1678; x_wconf 84' lang='lat' dir='ltr'>ab</span> 
     </span>
     <span class='ocr_line' id='line_1_15' title="bbox 243 1711 1181 1795; baseline -0.006 -17"><span class='ocrx_word' id='word_1_72' title='bbox 243 1711 394 1794; x_wconf 79' lang='lat' dir='ltr'>Episcopo</span> <span class='ocrx_word' id='word_1_73' title='bbox 415 1717 611 1790; x_wconf 86' lang='lat' dir='ltr'>Diocaesano,</span> <span class='ocrx_word' id='word_1_74' title='bbox 627 1718 679 1794; x_wconf 89' lang='lat' dir='ltr'>qui</span> <span class='ocrx_word' id='word_1_75' title='bbox 696 1719 761 1795; x_wconf 85' lang='lat' dir='ltr'>ipse</span> <span class='ocrx_word' id='word_1_76' title='bbox 776 1718 908 1778; x_wconf 87' lang='lat' dir='ltr'>ciricum</span> <span class='ocrx_word' id='word_1_77' title='bbox 928 1718 1133 1794; x_wconf 81' lang='lat' dir='ltr'>praestiterat</span> <span class='ocrx_word' id='word_1_78' title='bbox 1149 1714 1181 1772; x_wconf 87' lang='lat' dir='ltr'>ir·</span> 
     </span>
    </p>

    <p class='ocr_par' dir='ltr' id='par_1_5' title="bbox 220 1808 1202 2148">
     <span class='ocr_line' id='line_1_16' title="bbox 220 1808 1181 1890; baseline -0.006 -20"><span class='ocrx_word' id='word_1_79' title='bbox 220 1814 224 1824; x_wconf 84' lang='grc'><em>“</em></span> <span class='ocrx_word' id='word_1_80' title='bbox 243 1815 432 1882; x_wconf 89' lang='lat' dir='ltr'>ramentum,</span> <span class='ocrx_word' id='word_1_81' title='bbox 451 1811 612 1871; x_wconf 85' lang='lat' dir='ltr'>eraserint</span> <span class='ocrx_word' id='word_1_82' title='bbox 627 1812 695 1870; x_wconf 85' lang='lat' dir='ltr'>veri</span> <span class='ocrx_word' id='word_1_83' title='bbox 716 1812 861 1881; x_wconf 79' lang='lat' dir='ltr'>parochi,</span> <span class='ocrx_word' id='word_1_84' title='bbox 875 1813 1104 1890; x_wconf 87' lang='lat' dir='ltr'>obtineantque</span> <span class='ocrx_word' id='word_1_85' title='bbox 1116 1808 1181 1870; x_wconf 75' lang='lat' dir='ltr'>Oecli-</span> 
     </span>
     <span class='ocr_line' id='line_1_17' title="bbox 243 1903 1198 1980; baseline -0.001 -19"><span class='ocrx_word' id='word_1_86' title='bbox 243 1906 377 1963; x_wconf 84' lang='lat' dir='ltr'>aariam</span> <span class='ocrx_word' id='word_1_87' title='bbox 399 1903 659 1964; x_wconf 73' lang='lat' dir='ltr'>iurisdictionem</span> <span class='ocrx_word' id='word_1_88' title='bbox 677 1921 769 1980; x_wconf 88' lang='lat' dir='ltr'>quam</span> <span class='ocrx_word' id='word_1_89' title='bbox 790 1904 895 1964; x_wconf 84' lang='lat' dir='ltr'>valide</span> <span class='ocrx_word' id='word_1_90' title='bbox 916 1909 1100 1978; x_wconf 86' lang='lat' dir='ltr'>exerceant,</span> <span class='ocrx_word' id='word_1_91' title='bbox 1116 1917 1198 1980; x_wconf 51' lang='lat' dir='ltr'>prae·¹</span> 
     </span>
     <span class='ocr_line' id='line_1_18' title="bbox 243 1995 1202 2075; baseline -0.002 -21"><span class='ocrx_word' id='word_1_92' title='bbox 243 1995 353 2054; x_wconf 80' lang='lat' dir='ltr'>sertim</span> <span class='ocrx_word' id='word_1_93' title='bbox 374 1998 495 2072; x_wconf 89' lang='lat' dir='ltr'>quando</span> <span class='ocrx_word' id='word_1_94' title='bbox 516 2013 535 2054; x_wconf 88' lang='lat' dir='ltr'>a</span> <span class='ocrx_word' id='word_1_95' title='bbox 557 1995 645 2072; x_wconf 89' lang='lat' dir='ltr'>plebe</span> <span class='ocrx_word' id='word_1_96' title='bbox 669 1995 765 2072; x_wconf 84' lang='lat' dir='ltr'>vulgo</span> <span class='ocrx_word' id='word_1_97' title='bbox 791 1996 1019 2057; x_wconf 79' lang='lat' dir='ltr'>existimantur</span> <span class='ocrx_word' id='word_1_98' title='bbox 1040 1996 1129 2075; x_wconf 88' lang='lat' dir='ltr'>probi</span> <span class='ocrx_word' id='word_1_99' title='bbox 1146 1995 1202 2060; x_wconf 62' lang='lat' dir='ltr'>Str</span> 
     </span>
     <span class='ocr_line' id='line_1_19' title="bbox 243 2075 1197 2148; baseline 0 -1"><span class='ocrx_word' id='word_1_100' title='bbox 243 2105 366 2148; x_wconf 86' lang='lat' dir='ltr'>crorum</span> <span class='ocrx_word' id='word_1_101' title='bbox 389 2088 541 2147; x_wconf 90' lang='lat' dir='ltr'>Ministri.</span> <span class='ocrx_word' id='word_1_102' title='bbox 1196 2075 1197 2078; x_wconf 23' lang='lat'>¹</span> 
     </span>
    </p>

    <p class='ocr_par' dir='ltr' id='par_1_6' title="bbox 243 2180 1197 3005">
     <span class='ocr_line' id='line_1_20' title="bbox 302 2180 1197 2259; baseline 0.007 -19"><span class='ocrx_word' id='word_1_103' title='bbox 302 2182 512 2255; x_wconf 80' lang='lat' dir='ltr'>Responsum.</span> <span class='ocrx_word' id='word_1_104' title='bbox 536 2180 721 2240; x_wconf 87' lang='lat' dir='ltr'>Sacerdotes</span> <span class='ocrx_word' id='word_1_105' title='bbox 750 2181 817 2240; x_wconf 88' lang='lat' dir='ltr'>sive</span> <span class='ocrx_word' id='word_1_106' title='bbox 845 2185 919 2240; x_wconf 86' lang='lat' dir='ltr'>aute</span> <span class='ocrx_word' id='word_1_107' title='bbox 939 2183 1056 2244; x_wconf 89' lang='lat' dir='ltr'>Brevis</span> <span class='ocrx_word' id='word_1_108' title='bbox 1078 2185 1197 2259; x_wconf 62' lang='lat' dir='ltr'>aposto,</span> 
     </span>
     <span class='ocr_line' id='line_1_21' title="bbox 243 2271 1181 2351; baseline 0.006 -18"><span class='ocrx_word' id='word_1_109' title='bbox 243 2273 298 2334; x_wconf 88' lang='lat' dir='ltr'>lici</span> <span class='ocrx_word' id='word_1_110' title='bbox 321 2271 475 2332; x_wconf 80' lang='lat' dir='ltr'>Charitas</span> <span class='ocrx_word' id='word_1_111' title='bbox 495 2274 792 2351; x_wconf 85' lang='lat' dir='ltr'>promulgationem,</span> <span class='ocrx_word' id='word_1_112' title='bbox 809 2275 875 2334; x_wconf 86' lang='lat' dir='ltr'>sive</span> <span class='ocrx_word' id='word_1_113' title='bbox 897 2279 968 2350; x_wconf 92' lang='lat' dir='ltr'>post</span> <span class='ocrx_word' id='word_1_114' title='bbox 985 2293 1058 2335; x_wconf 87' lang='lat' dir='ltr'>eam</span> <span class='ocrx_word' id='word_1_115' title='bbox 1080 2275 1181 2338; x_wconf 71' lang='lat' dir='ltr'>elatos,</span> 
     </span>
     <span class='ocr_line' id='line_1_22' title="bbox 243 2364 1196 2442; baseline -0.006 -15"><span class='ocrx_word' id='word_1_116' title='bbox 243 2369 335 2427; x_wconf 90' lang='lat' dir='ltr'>iuxta</span> <span class='ocrx_word' id='word_1_117' title='bbox 346 2364 476 2425; x_wconf 86' lang='lat' dir='ltr'>formam</span> <span class='ocrx_word' id='word_1_118' title='bbox 499 2365 716 2426; x_wconf 87' lang='lat' dir='ltr'>schismaticae</span> <span class='ocrx_word' id='word_1_119' title='bbox 729 2365 985 2439; x_wconf 75' lang='lat' dir='ltr'>constitutionis,</span> <span class='ocrx_word' id='word_1_120' title='bbox 999 2370 1037 2426; x_wconf 90' lang='lat' dir='ltr'>ad</span> <span class='ocrx_word' id='word_1_121' title='bbox 1053 2365 1196 2442; x_wconf 82' lang='lat' dir='ltr'>Ecclesia</span> 
     </span>
     <span class='ocr_line' id='line_1_23' title="bbox 243 2458 1196 2538; baseline -0.001 -18"><span class='ocrx_word' id='word_1_122' title='bbox 243 2460 439 2537; x_wconf 90' lang='lat' dir='ltr'>parochiales</span> <span class='ocrx_word' id='word_1_123' title='bbox 462 2477 586 2532; x_wconf 88' lang='lat' dir='ltr'>vacuas,</span> <span class='ocrx_word' id='word_1_124' title='bbox 608 2464 642 2519; x_wconf 88' lang='lat' dir='ltr'>et</span> <span class='ocrx_word' id='word_1_125' title='bbox 662 2458 827 2519; x_wconf 87' lang='lat' dir='ltr'>institutos</span> <span class='ocrx_word' id='word_1_126' title='bbox 847 2460 887 2518; x_wconf 81' lang='lat' dir='ltr'>ab</span> <span class='ocrx_word' id='word_1_127' title='bbox 908 2460 1065 2538; x_wconf 83' lang='lat' dir='ltr'>Episcopo</span> <span class='ocrx_word' id='word_1_128' title='bbox 1087 2462 1196 2522; x_wconf 69' lang='lat' dir='ltr'>uioeee</span> 
     </span>
     <span class='ocr_line' id='line_1_24' title="bbox 243 2552 1182 2629; baseline -0.004 -17"><span class='ocrx_word' id='word_1_129' title='bbox 243 2570 332 2625; x_wconf 90' lang='lat' dir='ltr'>sano,</span> <span class='ocrx_word' id='word_1_130' title='bbox 352 2553 405 2629; x_wconf 91' lang='lat' dir='ltr'>qui</span> <span class='ocrx_word' id='word_1_131' title='bbox 426 2552 492 2629; x_wconf 86' lang='lat' dir='ltr'>ipse</span> <span class='ocrx_word' id='word_1_132' title='bbox 513 2552 648 2611; x_wconf 89' lang='lat' dir='ltr'>civicum</span> <span class='ocrx_word' id='word_1_133' title='bbox 674 2552 881 2628; x_wconf 85' lang='lat' dir='ltr'>praestiterat</span> <span class='ocrx_word' id='word_1_134' title='bbox 898 2552 1126 2626; x_wconf 88' lang='lat' dir='ltr'>iuramentum,</span> <span class='ocrx_word' id='word_1_135' title='bbox 1142 2565 1182 2610; x_wconf 84' lang='lat' dir='ltr'>nor</span> 
     </span>
     <span class='ocr_line' id='line_1_25' title="bbox 245 2645 1184 2717; baseline -0.004 -12"><span class='ocrx_word' id='word_1_136' title='bbox 245 2646 382 2706; x_wconf 84' lang='lat' dir='ltr'>evasisse</span> <span class='ocrx_word' id='word_1_137' title='bbox 397 2663 488 2706; x_wconf 87' lang='lat' dir='ltr'>varos</span> <span class='ocrx_word' id='word_1_138' title='bbox 499 2646 668 2717; x_wconf 74' lang='lat' dir='ltr'>parochos,</span> <span class='ocrx_word' id='word_1_139' title='bbox 682 2662 737 2703; x_wconf 90' lang='lat' dir='ltr'>nec</span> <span class='ocrx_word' id='word_1_140' title='bbox 759 2645 872 2704; x_wconf 84' lang='lat' dir='ltr'>habere</span> <span class='ocrx_word' id='word_1_141' title='bbox 887 2645 1092 2708; x_wconf 89' lang='lat' dir='ltr'>Ordinariam</span> <span class='ocrx_word' id='word_1_142' title='bbox 1115 2645 1184 2705; x_wconf 82' lang='lat' dir='ltr'>iuris·</span> 
     </span>
     <span class='ocr_line' id='line_1_26' title="bbox 243 2739 1182 2817; baseline -0.006 -17"><span class='ocrx_word' id='word_1_143' title='bbox 243 2741 411 2800; x_wconf 89' lang='lat' dir='ltr'>dictionem</span> <span class='ocrx_word' id='word_1_144' title='bbox 428 2757 520 2816; x_wconf 92' lang='lat' dir='ltr'>quam</span> <span class='ocrx_word' id='word_1_145' title='bbox 535 2739 639 2799; x_wconf 87' lang='lat' dir='ltr'>valide</span> <span class='ocrx_word' id='word_1_146' title='bbox 660 2742 839 2798; x_wconf 89' lang='lat' dir='ltr'>exerceant.</span> <span class='ocrx_word' id='word_1_147' title='bbox 864 2739 1023 2813; x_wconf 80' lang='lat' dir='ltr'>Getarum,</span> <span class='ocrx_word' id='word_1_148' title='bbox 1039 2751 1182 2817; x_wconf 86' lang='lat' dir='ltr'>numquun</span> 
     </span>
     <span class='ocr_line' id='line_1_27' title="bbox 243 2831 1183 2909; baseline -0.003 -16"><span class='ocrx_word' id='word_1_149' title='bbox 243 2837 299 2893; x_wconf 88' lang='lat' dir='ltr'>aut</span> <span class='ocrx_word' id='word_1_150' title='bbox 326 2833 392 2893; x_wconf 84' lang='lat' dir='ltr'>fere</span> <span class='ocrx_word' id='word_1_151' title='bbox 414 2849 579 2909; x_wconf 90' lang='lat' dir='ltr'>numquam</span> <span class='ocrx_word' id='word_1_152' title='bbox 602 2831 633 2890; x_wconf 93' lang='lat' dir='ltr'>in</span> <span class='ocrx_word' id='word_1_153' title='bbox 658 2831 748 2908; x_wconf 92' lang='lat' dir='ltr'>praxi</span> <span class='ocrx_word' id='word_1_154' title='bbox 781 2832 964 2909; x_wconf 81' lang='lat' dir='ltr'>contingere</span> <span class='ocrx_word' id='word_1_155' title='bbox 986 2851 1100 2908; x_wconf 89' lang='lat' dir='ltr'>posse,</span> <span class='ocrx_word' id='word_1_156' title='bbox 1130 2835 1183 2891; x_wconf 69' lang='lat' dir='ltr'>ut·</span> 
     </span>
     <span class='ocr_line' id='line_1_28' title="bbox 243 2923 1197 3005; baseline -0.003 -19"><span class='ocrx_word' id='word_1_157' title='bbox 243 2927 333 3005; x_wconf 89' lang='lat' dir='ltr'>plebe</span> <span class='ocrx_word' id='word_1_158' title='bbox 356 2931 512 3001; x_wconf 89' lang='lat' dir='ltr'>tamquam</span> <span class='ocrx_word' id='word_1_159' title='bbox 531 2923 620 2998; x_wconf 89' lang='lat' dir='ltr'>probi</span> <span class='ocrx_word' id='word_1_160' title='bbox 645 2925 811 2983; x_wconf 87' lang='lat' dir='ltr'>Sacrorum</span> <span class='ocrx_word' id='word_1_161' title='bbox 833 2924 974 2984; x_wconf 88' lang='lat' dir='ltr'>Ministri</span> <span class='ocrx_word' id='word_1_162' title='bbox 996 2927 1171 2989; x_wconf 88' lang='lat' dir='ltr'>habeantur.</span> <span class='ocrx_word' id='word_1_163' title='bbox 1196 2973 1197 2978; x_wconf 63' lang='grc'>,</span> 
     </span>
    </p>

    <p class='ocr_par' dir='ltr' id='par_1_7' title="bbox 242 3018 1196 3467">
     <span class='ocr_line' id='line_1_29' title="bbox 303 3018 1184 3096; baseline -0.009 -16"><span class='ocrx_word' id='word_1_164' title='bbox 303 3021 444 3080; x_wconf 84' lang='lat' dir='ltr'>Dubiam</span> <span class='ocrx_word' id='word_1_165' title='bbox 464 3019 649 3079; x_wconf 80' lang='lat' dir='ltr'>secundam.</span> <span class='ocrx_word' id='word_1_166' title='bbox 665 3019 693 3077; x_wconf 94' lang='lat' dir='ltr'>N</span> <span class='ocrx_word' id='word_1_167' title='bbox 697 3036 747 3076; x_wconf 90' lang='lat' dir='ltr'>um</span> <span class='ocrx_word' id='word_1_168' title='bbox 770 3018 946 3078; x_wconf 87' lang='lat' dir='ltr'>sacerdotes</span> <span class='ocrx_word' id='word_1_169' title='bbox 959 3021 1105 3096; x_wconf 82' lang='lat' dir='ltr'>praefato</span> <span class='ocrx_word' id='word_1_170' title='bbox 1119 3018 1184 3080; x_wconf 86' lang='lat' dir='ltr'>modo</span> 
     </span>
     <span class='ocr_line' id='line_1_30' title="bbox 244 3112 1196 3192; baseline -0.003 -19"><span class='ocrx_word' id='word_1_171' title='bbox 244 3115 337 3175; x_wconf 89' lang='lat' dir='ltr'>electi</span> <span class='ocrx_word' id='word_1_172' title='bbox 360 3117 396 3175; x_wconf 92' lang='lat' dir='ltr'>ad</span> <span class='ocrx_word' id='word_1_173' title='bbox 419 3112 574 3174; x_wconf 87' lang='lat' dir='ltr'>Ecclesias</span> <span class='ocrx_word' id='word_1_174' title='bbox 593 3114 718 3187; x_wconf 77' lang='lat' dir='ltr'>plenas,</span> <span class='ocrx_word' id='word_1_175' title='bbox 742 3116 775 3170; x_wconf 90' lang='lat' dir='ltr'>et</span> <span class='ocrx_word' id='word_1_176' title='bbox 796 3113 835 3173; x_wconf 88' lang='lat' dir='ltr'>ab</span> <span class='ocrx_word' id='word_1_177' title='bbox 857 3115 962 3172; x_wconf 88' lang='lat' dir='ltr'>eodem</span> <span class='ocrx_word' id='word_1_178' title='bbox 987 3115 1139 3192; x_wconf 83' lang='lat' dir='ltr'>Episcopo</span> <span class='ocrx_word' id='word_1_179' title='bbox 1154 3115 1196 3180; x_wconf 82' lang='lat' dir='ltr'>ir</span> 
     </span>
     <span class='ocr_line' id='line_1_31' title="bbox 244 3200 1185 3280; baseline -0.005 -13"><span class='ocrx_word' id='word_1_180' title='bbox 244 3207 369 3280; x_wconf 90' lang='lat' dir='ltr'>stituti,</span> <span class='ocrx_word' id='word_1_181' title='bbox 392 3208 530 3268; x_wconf 88' lang='lat' dir='ltr'>eradant</span> <span class='ocrx_word' id='word_1_182' title='bbox 551 3206 662 3265; x_wconf 89' lang='lat' dir='ltr'>saltem</span> <span class='ocrx_word' id='word_1_183' title='bbox 686 3204 812 3264; x_wconf 88' lang='lat' dir='ltr'>illarum</span> <span class='ocrx_word' id='word_1_184' title='bbox 836 3206 1048 3266; x_wconf 83' lang='lat' dir='ltr'>Ecclesiarum</span> <span class='ocrx_word' id='word_1_185' title='bbox 1072 3200 1185 3268; x_wconf 85' lang='lat' dir='ltr'>admini-</span> 
     </span>
     <span class='ocr_line' id='line_1_32' title="bbox 242 3296 1195 3374; baseline -0.006 -16"><span class='ocrx_word' id='word_1_186' title='bbox 242 3303 407 3372; x_wconf 88' lang='lat' dir='ltr'>stratores,</span> <span class='ocrx_word' id='word_1_187' title='bbox 429 3297 573 3374; x_wconf 84' lang='lat' dir='ltr'>legitimo</span> <span class='ocrx_word' id='word_1_188' title='bbox 595 3296 722 3356; x_wconf 86' lang='lat' dir='ltr'>absente</span> <span class='ocrx_word' id='word_1_189' title='bbox 744 3298 899 3372; x_wconf 78' lang='lat' dir='ltr'>parocho,</span> <span class='ocrx_word' id='word_1_190' title='bbox 917 3302 951 3359; x_wconf 85' lang='lat' dir='ltr'>et</span> <span class='ocrx_word' id='word_1_191' title='bbox 963 3301 1001 3359; x_wconf 90' lang='lat' dir='ltr'>ad</span> <span class='ocrx_word' id='word_1_192' title='bbox 1014 3300 1047 3359; x_wconf 90' lang='lat' dir='ltr'>id</span> <span class='ocrx_word' id='word_1_193' title='bbox 1064 3299 1195 3368; x_wconf 48' lang='lat' dir='ltr'>obtinus·¹</span> 
     </span>
     <span class='ocr_line' id='line_1_33' title="bbox 242 3389 786 3467; baseline -0.004 -16"><span class='ocrx_word' id='word_1_194' title='bbox 242 3392 309 3452; x_wconf 90' lang='lat' dir='ltr'>rint</span> <span class='ocrx_word' id='word_1_195' title='bbox 327 3392 578 3452; x_wconf 89' lang='lat' dir='ltr'>iurisdictionem</span> <span class='ocrx_word' id='word_1_196' title='bbox 600 3389 786 3467; x_wconf 79' lang='lat' dir='ltr'>delegatam.</span> 
     </span>
    </p>

    <p class='ocr_par' dir='ltr' id='par_1_8' title="bbox 302 3481 701 3562">
     <span class='ocr_line' id='line_1_34' title="bbox 302 3481 701 3562; baseline -0.01 -16"><span class='ocrx_word' id='word_1_197' title='bbox 302 3487 511 3562; x_wconf 79' lang='lat' dir='ltr'>Responsum.</span> <span class='ocrx_word' id='word_1_198' title='bbox 532 3481 701 3559; x_wconf 80' lang='lat' dir='ltr'>Negativc.</span> 
     </span>
    </p>
   </div>
   <div class='ocr_carea' id='block_1_5' title="bbox 0 0 1222 4196">
    <p class='ocr_par' dir='ltr' id='par_1_9' title="bbox 0 0 1222 4196">
     <span class='ocr_line' id='line_1_35' title="bbox 0 0 1222 4196; baseline 0 0"><span class='ocrx_word' id='word_1_199' title='bbox 0 0 1222 4196; x_wconf 95' lang='lat' dir='ltr'> </span> 
     </span>
    </p>
   </div>
  </div>
 </body>
</html>
