2488 4204
242 332 417 405 exstincta,
440 330 523 392 ratio
549 329 657 389 habita
678 330 741 389 fuit
762 329 869 407 regiae
890 331 1069 408 diguitatis.
1090 333 1210 411 Corpus

242 431 311 489 cios
338 430 479 488 relatum
506 424 575 502 fcit
602 427 640 483 im
669 442 795 498 arcem,
819 434 849 484 et
871 428 1012 486 balsamo
1041 429 1210 488 conditum

240 523 418 599 repositam
440 523 477 579 io
499 523 617 590 loculo,
641 527 799 594 puratum
824 518 868 578 od
888 520 1107 596 sepeliendum
1117 565 1207 580 .....

242 615 484 690 domesticisque
506 623 536 672 et
556 615 719 672 ministris
740 615 937 687 imiomctmm,
962 621 999 672 ot
1020 614 1141 674 ibidem
1162 632 1210 673 re·

242 715 411 777 moneant,
439 723 480 766 ac·
497 705 679 781 pristimum
703 713 836 777 statum,
861 714 891 765 et
913 707 1115 781 splendorem
1131 725 1208 768 coo·

242 807 409 860 seruantes
429 801 494 858 otio
516 815 584 856 nom
604 799 792 868 concedam,
811 798 909 859 donec
931 799 1134 878 honorificae
1149 803 1208 860 oli·

242 895 296 954 cui
315 895 501 969 sepultarae
521 892 698 950 mandetur
712 892 768 971 (l).
786 892 866 958 Quid
881 893 939 951 hoc
957 892 1119 969 inexpleto
1141 895 1206 954 odio

242 992 298 1048 tuo
319 988 444 1045 tandem
473 984 598 1043 lucrata
621 984 738 1057 fueris,
767 985 826 1044 nisi
851 987 1003 1058 dedecus,
1031 987 1205 1059 infamiam,

241 1085 335 1156 atque
349 1096 458 1155 regum
480 1095 515 1137 ac
538 1077 710 1154 principum
733 1077 869 1135 omnium
892 1078 992 1137 multo
1013 1080 1204 1155 graviorem,

241 1191 332 1250 quam
354 1170 484 1248 quaein
507 1171 720 1231 Elisabetham
742 1171 877 1246 Anglam
906 1179 1090 1246 exarserat,
1113 1175 1206 1232 offen·

241 1267 369 1338 sionem,
392 1265 508 1336 odium,
533 1263 778 1341 indignationem
802 1261 867 1340 (2)l
1238 1269 1239 1272 ’

302 1360 348 1419 Oh
371 1359 436 1418 dies
457 1358 616 1419 Ludovico
646 1357 865 1434 triumphalis!
890 1357 939 1416 cui
961 1360 1042 1417 Deus
1063 1359 1154 1418 dedit
1177 1362 1205 1417 et
1238 1405 1239 1410 ,

241 1454 274 1513 in
296 1453 512 1530 persecutione
534 1452 749 1522 tolerantiam,
766 1464 798 1510 et
812 1453 844 1509 in
861 1451 1002 1527 passione
1025 1453 1201 1513 victoriam.

240 1548 393 1608 (inducam
415 1563 560 1604 coronam
581 1545 714 1621 regiam,
730 1563 766 1604 ac
780 1544 870 1604 brevi
889 1545 1108 1605 evanescentia
1124 1547 1202 1616 lilia,
1238 1573 1239 1630 3

240 1659 310 1701 cum
331 1639 460 1716 pereuni
483 1638 547 1699 alia
569 1657 684 1698 corona
705 1657 745 1698 ex
766 1639 997 1698 immortalibus
1023 1641 1204 1716 angelorum

240 1733 318 1794 liliis
338 1737 487 1802 contexta
507 1731 645 1792 feliciter
666 1733 755 1792 illum
777 1736 982 1792 commutasse
1009 1734 1202 1793 confidimus.

300 1828 379 1894 Quid
395 1826 522 1885 interim
538 1827 636 1887 Nobis
655 1845 710 1902 pro
724 1828 842 1886 Nostro
858 1826 1022 1904 apostolici
1037 1826 1203 1887 ministerii

240 1919 338 1979 officio
360 1920 512 1996 agendum
532 1919 586 1991 sit,
602 1938 639 1978 ex
657 1921 689 1978 S.
706 1920 860 1979 Beruardi
875 1922 913 1979 ad
929 1939 1016 1979 suum
1030 1922 1203 1996 Eugenium

238 2012 359 2072 litteris
382 2012 546 2069 edocemur
561 2011 624 2090 (3),
640 2031 709 2071 cum
725 2012 826 2089 ipsum
842 2013 1024 2072 hortaretur
1040 2014 1115 2071 dare
1136 2033 1204 2092 ope-

239 2123 327 2178 ram,
350 2112 387 2162 m
407 2105 572 2163 increduli
596 2114 830 2165 convertantur
854 2107 897 2165 od
921 2107 1036 2184 fidem,
1060 2109 1203 2166 conversi

239 2217 307 2258 mom
329 2205 542 2269 avertemur,
571 2201 679 2257 aversi
699 2207 921 2259 revertantur.
943 2202 989 2261 Ac
1010 2217 1085 2276 prae
1108 2200 1203 2261 oculis

239 2294 386 2352 habemus
398 2291 567 2372 ¹Clementis
579 2294 622 2350 VI
635 2294 879 2374 praedecessoris
890 2294 1001 2356 Nostri
1013 2295 1202 2372 exemplum,
1237 2331 1238 2370 ;

237 2385 291 2462 qui
314 2404 375 2444 nou
397 2385 522 2445 destitit
542 2385 666 2445 illatam
680 2388 824 2447 Andreae
839 2387 965 2447 Siciliae
981 2388 1050 2465 regi
1068 2394 1202 2449 mortem

238 2478 410 2552 vindicare,
434 2478 632 2555 gravissimis
653 2479 783 2540 inflictis
795 2481 903 2556 poenis
917 2485 1027 2541 contra
1047 2481 1136 2542 illius
1159 2482 1203 2541 in·

238 2571 443 2645 terfectores,
466 2576 499 2632 et
520 2571 769 2649 conspiratores,
793 2578 829 2633 ut
849 2573 970 2652 legitur
991 2575 1022 2634 in
1047 2576 1113 2634 suis
1135 2595 1202 2654 apc

238 2667 357 2726 stolicis
378 2666 497 2726 litteris
520 2666 576 2745 (4).
600 2667 660 2726 Sed
684 2669 757 2744 quid
780 2668 951 2743 prolicere,
974 2668 1108 2745 quidque
1135 2690 1203 2730 eon·

238 2759 324 2837 sequi
346 2758 384 2818 ab
406 2759 461 2818 illo
482 2777 644 2836 possumus
665 2760 789 2837 populo,
803 2761 856 2838 qui
880 2780 940 2820 nou
963 2762 1063 2822 solum
1085 2765 1201 2824 monita

238 2933 415 2983 convencione
431 2933 571 2990 nemorale,
587 2935 678 2981 cavata
694 2933 738 2982 dai
753 2935 818 2992 logli
828 2936 907 2982 nociti
916 2934 943 2982 di
952 2935 1069 2983 Francia.
1082 2937 1200 2987 Edizioue

236 3009 757 3068 lattainMilanodalValadintpag.12.
1236 3035 1237 3072 i

301 3087 335 3140 (1)
352 3085 457 3133 collect.
468 3085 540 3133 Jebb.
552 3099 609 3144 pag.
622 3087 675 3133 166.
688 3085 757 3131 circa
768 3085 851 3132 fluam
864 3089 895 3134 In
906 3099 937 3134 eu
948 3089 1097 3136 collectione
1109 3090 1198 3139 descri-
1236 3081 1237 3086 ’

236 3163 307 3209 bitur
324 3174 383 3220 pag.
394 3163 448 3219 655,
460 3174 536 3219 quam
553 3161 686 3218 magnifice
702 3161 798 3206 alatum
813 3162 899 3218 luerit,
919 3166 1063 3224 quantaque
1085 3179 1144 3213 cum
1161 3179 1200 3214 uo-

235 3238 327 3285 bilium
343 3239 456 3285 virorum
471 3238 634 3285 multitudine
646 3237 821 3284 comitantium
832 3239 927 3286 Mariae
944 3239 1054 3288 cadaver
1071 3241 1103 3288 ad
1120 3245 1197 3292 Peter·

235 3314 362 3372 burgenaa
372 3314 401 3360 iu
409 3315 503 3371 Anglia
511 3313 642 3370 templum.

300 3393 335 3446 (2)
353 3390 400 3437 cit.
413 3389 511 3436 collect.
522 3388 595 3437 Jobb.
608 3401 666 3446 pag.
680 3389 735 3434 176.
746 3390 772 3434 et
782 3390 836 3436 178.

298 3465 333 3521 (³)
349 3465 406 3512 Lib.
417 3467 464 3511 111.
476 3465 507 3512 de
519 3463 671 3511 considerat.
685 3477 740 3522 cap.
753 3466 773 3510 Ι.
785 3478 854 3512 unm.
867 3467 889 3512 d.

300 3543 334 3597 (4)
351 3541 434 3592 Relat.
447 3540 598 3602 aRaynald.
612 3539 644 3590 ad
656 3553 715 3588 ann.
729 3542 801 3589 1346.
814 3540 836 3604 §.
850 3543 889 3589 44.
902 3541 934 3591 ad
945 3545 983 3591 51.
