2488 4204
638 265 676 279 ..
697 235 738 295 52
760 265 797 278 ..

228 344 349 403 nullum
371 342 468 402 alium
490 339 610 417 possint
638 341 860 399 contrahentes
881 339 968 400 adire
991 355 1086 415 quam
1109 356 1201 416 paro-

147 435 154 442 “
228 439 320 498 chum
342 434 513 495 iuramenti
539 438 596 494 aut
615 432 840 494 communionis
861 433 1079 493 schismaticae
1101 451 1201 508 reum,

229 530 351 608 pariter
372 528 498 598 valida,
522 527 645 603 quoties
666 528 728 586 duo
750 526 862 585 saltem
895 529 992 586 testes
1019 530 1202 604 praesentes

230 621 362 694 fuerint,
378 624 412 682 et
433 621 586 698 parochus
609 620 774 697 proprius,
802 619 869 680 sive
892 623 1023 696 propter
1044 619 1202 680 iuramen-

232 718 311 788 tum,
335 715 402 775 sive
424 715 535 791 quavis
556 714 620 774 alia
641 731 681 773 ex
702 729 795 772 causa
815 711 977 771 schismati
999 712 1200 784 adhaeserit3

231 797 410 870 monendos
426 816 530 870 tamen
559 813 593 868 et
618 807 788 866 hortandos
820 823 887 866 esse
912 805 1062 883 coniuges
1087 811 1126 866 ut
1152 825 1201 866 su·

231 921 288 981 ma
309 902 365 982 (1).

655 1099 761 1159 m.

594 1219 733 1262 nruscrrs
754 1219 845 1262 rmus
892 1281 896 1290 ἢ

456 1357 662 1418 CAPITULO
684 1357 736 1415 ET
762 1355 978 1416 OANONIOIS

300 1562 302 1568 .
394 1515 599 1576 cathedralis
619 1513 784 1575 Ecclesiae
806 1512 1042 1574 Cambarieosis

469 1681 628 1761 PIUS
673 1679 853 1757 ΡΑΡΑ
899 1681 966 1758 Vl.

353 1869 489 1926 Dilecta
509 1867 592 1937 Fili,
613 1866 766 1924 Salutem
788 1868 823 1923 et
843 1863 1083 1935 apostolicam

565 1957 865 2018 Benedictionem.

293 2117 339 2176 Ex
364 2114 484 2176 litteris
506 2114 623 2174 vestris
656 2113 788 2173 Taurini
817 2113 899 2173 datis
927 2111 1028 2188 pridie
1056 2111 1201 2172 calendas

232 2209 370 2286 Augusti
393 2208 484 2268 huius
506 2207 592 2278 anni,
610 2211 792 2284 perceptum
814 2211 862 2266 est
877 2225 896 2266 a
913 2206 1010 2267 Nobis
1029 2210 1126 2267 tanta
1141 2205 1201 2283 qui-

233 2304 327 2374 dem,
354 2304 472 2376 quante
493 2299 550 2360 vix
571 2299 633 2359 dici
654 2304 760 2377 potest
780 2300 876 2360 animi
898 2299 1009 2360 Nostri
1030 2299 1198 2368 molestia,

233 2393 423 2471 gravissima
454 2392 547 2453 illata
569 2393 653 2452 mala
666 2393 795 2453 illustri
816 2391 1030 2454 Oamheriensi
1051 2392 1199 2453 ecclesiae
1233 2447 1234 2472 χ

233 2485 329 2546 fuisse
351 2486 389 2547 ab
403 2484 509 2562 impiis
531 2486 719 2560 hominibus,
736 2486 788 2564 qui
810 2486 889 2546 nihil
903 2486 1021 2545 habent
1042 2486 1198 2564 antiquius

233 2598 325 2657 quam
340 2579 525 2658 religionem
538 2597 589 2640 sus
602 2580 698 2656 deque
711 2583 847 2653 vertere,
862 2577 1105 2638 dominationem
1121 2595 1199 2657 sper·
1233 2621 1234 2624 ,

234 2691 321 2748 nere,
337 2675 431 2749 atque
446 2671 644 2732 maiestatem
660 2673 887 2748 blasphemare;
902 2689 1098 2748 summopere
1115 2691 1197 2750 prae·

234 2771 324 2829 terea
354 2765 452 2828 animi
472 2765 582 2825 dolore
614 2765 719 2826 affecti
741 2764 858 2824 fuimus
883 2781 954 2824 cum
982 2764 1196 2826 intelleximus

294 2934 329 2990 (1)
348 2933 395 2983 cea
409 2931 530 2990 rdponses
553 2930 588 2978 du
610 2928 772 2989 saint-Sidae
799 2928 930 2978 adressdas
946 2929 961 2978 t
978 2933 1013 2978 Μ.
1030 2931 1156 2992 l’Eveqae
1172 2930 1197 2978 da

233 3010 344 3068 deusve,
356 3010 395 3058 lea
406 3010 499 3056 durant
509 3021 542 3055 en
551 3006 723 3066 meme-tempe
733 3006 749 3054 h
758 3009 792 3054 ht.
803 3006 1195 3067 1‘urcnerequedeuarentaiae

232 3088 257 3133 et
273 3085 289 3132 t
304 3088 363 3134 Mhi.
379 3086 417 3133 les
434 3080 687 3141 rieures-generem
703 3082 739 3129 du
753 3082 859 3132 Diocsse
878 3082 909 3132 de
927 3082 1070 3144 chambery
1085 3085 1112 3133 le
1129 3083 1197 3142 Sidae

231 3163 333 3215 vacent,
352 3161 397 3218 qni
413 3159 516 3207 avaient
526 3157 632 3218 proposi
643 3158 681 3204 les
692 3156 786 3205 memes
797 3159 937 3218 questions.
949 3161 1020 3208 Dans
1028 3159 1068 3207 les
1079 3159 1197 3220 rdponaea

232 3236 267 3284 dn
282 3235 450 3295 sumsisse,
466 3238 544 3295 iln’y
554 3251 570 3284 a
580 3236 611 3282 de
622 3232 758 3284 difference
774 3248 823 3293 que
840 3233 906 3283 dans
921 3236 946 3284 le
962 3235 1119 3296 prdamhnls.
1131 3239 1197 3284 Nona

232 3311 298 3359 noha
315 3325 424 3372 orcynus
441 3310 537 3371 obliges
552 3311 674 3359 d’avertir
696 3322 745 3368 que
767 3323 833 3357 nous
851 3322 932 3359 avons
948 3309 1076 3370 supprime
1093 3325 1143 3360 une
1160 3310 1197 3357 de·

232 3387 324 3434 mande
341 3401 403 3436 avec
419 3401 449 3436 sa
465 3386 579 3447 repense.
598 3392 647 3435 Les
663 3389 851 3434 circonstances
868 3389 1011 3446 exinanient
1028 3388 1059 3434 de
1075 3400 1140 3436 nous
1155 3389 1196 3433 im-

231 3463 416 3524 piniensament
432 3479 460 3512 ce
477 3464 599 3522 sardice,
612 3465 705 3523 auquel
720 3477 785 3513 nona
803 3463 895 3510 avions
912 3462 952 3510 dte'
963 3464 1095 3513 d'uillenrs
1104 3460 1197 3512 invitis

192 3561 195 3568 >
233 3539 335 3600 parles
351 3538 473 3588 autorltds
489 3539 528 3586 les
544 3540 602 3599 plns
617 3540 795 3599 respectables.
814 3535 890 3602 (Nol.
908 3537 986 3587 Edit.
1000 3553 1044 3587 an.
1058 3537 1140 3599 1800.)
