2488 4204
55 341 162 418 aliquot
184 359 201 402 e
223 342 344 414 Gallia,
368 360 424 402 nec
451 361 512 402 non
534 347 568 403 et
589 362 605 402 e
627 342 783 404 sabaudia
804 343 1007 421 profugorum

54 435 256 512 episcoporum
287 439 321 496 et
355 435 611 514 presbyterorum
647 436 781 498 miseriti
817 441 941 511 status,
975 437 1007 496 in

52 547 130 605 quem
149 529 348 589 observatam
364 531 427 589 Deo
443 530 534 590 fldem
557 530 751 605 deciderunt,
764 531 887 591 eosdem
903 548 1009 592 aman·

52 629 93 682 ter
114 624 329 700 susceperitis,
352 624 513 697 iuveritis,
526 643 562 685 ac
576 625 608 686 in
625 629 750 686 vestras
772 625 902 704 pietatis
917 626 1008 703 asylo

48 717 220 779 retineatis.
236 717 326 779 Nihil
348 719 452 778 iacere
473 718 571 781 Nobis
585 719 643 778 hoo
666 723 806 796 tempore
820 719 955 780 maxime
970 719 1007 778 de

48 811 152 872 talium
174 811 317 872 virorum
340 811 514 872 infortunio
535 811 681 872 sollicitis
701 811 824 890 gratius
845 819 937 891 atque
959 829 1008 872 ac

46 910 160 987 ceptius
181 909 344 987 potuistis,
368 910 447 970 nibil
470 929 529 988 quo
549 911 726 971 animorum
749 915 929 972 vestrorum
951 913 1008 972 hu·

46 1005 226 1065 manitatem
247 1005 408 1065 illustrius
418 1005 677 1082 comprobaretis,
690 1023 781 1083 quam
796 1007 853 1066 hac
868 1004 936 1082 ipsa
949 1023 1007 1082 pu-

45 1097 121 1157 blica
141 1097 358 1176 singularique
382 1097 578 1158 liberalitate
600 1104 719 1170 vestra,
736 1117 797 1175 qua
818 1098 1007 1176 capientese

45 1191 143 1265 patria
164 1191 272 1267 fugam
295 1191 422 1268 probet
438 1209 542 1264 cause,
556 1191 758 1268 maximisque
774 1190 1007 1253 calamitatibus

45 1284 176 1344 obiectos
201 1290 309 1345 vestra
330 1303 386 1362 ope
408 1286 587 1358 sublevare,
603 1302 759 1358 recreare,
776 1305 811 1346 ac
833 1284 929 1346 solari
944 1303 1005 1344 non

45 1377 218 1438 dubitastis.
236 1380 302 1446 Quo
322 1379 471 1439 beneficio
492 1382 601 1440 vestro
621 1397 681 1438 non
697 1379 798 1440 solum
816 1379 900 1439 omni
915 1379 1007 1438 laude

45 1469 238 1547 dignissimos
252 1471 342 1532 vobis
364 1472 582 1532 obstrinxistis
597 1472 750 1543 homines,
766 1474 818 1532 sad
831 1477 864 1532 et
878 1472 1008 1531 immor·

45 1564 133 1622 talem
148 1569 262 1626 vestro
284 1565 402 1625 nomini
425 1566 558 1643 gloriam
581 1564 797 1643 comparastis.
815 1566 897 1632 Quas
919 1564 1009 1624 vobis

44 1654 136 1733 igitur
159 1657 335 1718 universim
357 1657 515 1718 reddimus
540 1657 678 1734 gratias,
706 1659 828 1717 easdem
851 1658 1006 1718 etiamad

45 1752 177 1829 singulos
201 1770 258 1829 pro
279 1753 492 1831 singularibus
513 1751 660 1828 cuiusque
681 1751 773 1812 iactis
794 1749 1005 1824 extendimus,

46 1863 75 1904 ac
99 1847 292 1923 praesertim
321 1847 359 1908 ad
388 1846 601 1906 venerabilem
634 1845 768 1906 fratrem
797 1844 1007 1904 Sedunensem

49 1936 228 2016 episcopum,
245 1943 278 2000 et
299 1939 447 2000 dilectum
469 1937 569 1997 illium
587 1937 767 1998 Baiulivum
788 1941 941 2010 vestrum3
953 1935 1006 2014 qui

51 2030 159 2102 qualem
186 2048 327 2108 operam,
343 2032 434 2108 quale
449 2030 673 2108 praestiterint
688 2048 749 2091 una
765 2030 926 2090 vobiscum
941 2035 1008 2090 stu·

49 2120 132 2196 dium,
156 2142 221 2184 non
244 2124 439 2202 ignoramus,
456 2129 608 2201 grataque
630 2142 751 2202 semper
764 2124 916 2184 memoria
929 2125 1007 2184 reti·

47 2215 191 2278 achimus.
210 2216 296 2278 Certi
312 2217 403 2294 plane
427 2235 545 2288 sumus,
561 2217 670 2278 dilecti
693 2217 764 2291 dlii,
781 2235 820 2278 ex
835 2218 893 2276 boc
908 2216 1007 2278 officio

44 2307 151 2371 Nostro
166 2329 337 2388 generosos
355 2310 475 2370 animos
496 2313 620 2370 vestros
635 2311 851 2388 imposterum,
867 2311 929 2372 etsi
943 2329 1008 2372 ma-

45 2401 120 2464 xime
141 2405 210 2465 sint
231 2421 289 2481 per
311 2421 343 2462 se
365 2404 446 2480 ipsos
461 2398 498 2462 ad
519 2406 668 2466 tuendum
684 2407 740 2465 boc
755 2406 848 2465 decus
862 2405 1005 2478 excitati,

45 2497 141 2558 tameo
165 2498 269 2576 magis
290 2498 391 2558 adhuc
412 2497 647 2558 inflammandos
669 2517 734 2558 esso
747 2500 785 2562 ad
808 2501 916 2560 vestra
930 2515 1007 2576 erga

43 2589 146 2663 Deum,
169 2609 207 2652 ac
230 2595 370 2652 sanctam
392 2592 472 2650 hanc
494 2592 603 2652 Sedena
620 2592 806 2652 cumulanda
828 2591 954 2665 merita,
967 2592 1005 2652 ad

46 2686 274 2763 prosequendos
287 2684 407 2746 scilicet
424 2685 716 2763 amplificandosque
729 2687 920 2748 christianae
935 2686 1007 2745 cha·

45 2776 145 2839 ritatis
166 2781 258 2840 actus
279 2777 311 2837 in
326 2778 615 2840 aerumnosissimos
636 2778 711 2840 illos
730 2779 864 2841 Nostros
890 2779 1007 2840 iratres

46 2870 180 2945 atilios,
197 2890 273 2948 quos
290 2872 484 2932 vobisetiam
507 2875 600 2948 atque
616 2874 711 2932 etiam
725 2891 784 2931 non
806 2873 871 2932 sioe
887 2887 1007 2930 summa

47 2968 165 3026 vestrae
178 2965 309 3042 pietatis
324 2964 438 3026 fiducia
452 2966 713 3026 commendamus.
725 2968 896 3026 Precamur
910 2962 1007 3022 omni·

45 3063 199 3132 potentem
214 3062 325 3130 Deum,
337 3061 370 3120 et
381 3059 547 3120 Dominum
562 3062 703 3120 nostrum
718 3060 818 3118 Iesum
831 3057 1004 3131 Christum,

45 3155 77 3212 ut
88 3169 145 3214 vos
158 3153 227 3229 ipse
248 3152 378 3214 caelesti
399 3170 473 3214 suae
488 3153 611 3230 gratiae
633 3152 785 3230 largitate
808 3154 1005 3224 muneretur,

45 3245 187 3323 vobisque
206 3246 408 3323 apostolicam
430 3244 677 3306 benedictionem
692 3263 731 3306 cx
747 3245 859 3307 intimo
875 3249 1006 3324 paterno

45 3340 130 3400 corde
152 3341 368 3417 depromptam
390 3343 592 3416 peramanter
613 3337 824 3417 impertimur.

97 3435 211 3494 Datum
225 3435 354 3505 Romae,
367 3433 416 3493 die
428 3435 534 3494 XXXI
545 3433 680 3511 Augusti
692 3435 911 3509 MDOGXOIII,
925 3435 1007 3494 Pon-

45 3522 181 3587 tificatus
201 3524 312 3588 Nostri
328 3543 408 3586 anno
429 3526 516 3586 XlX.
