2488 4204
630 192 667 204 -
689 163 728 221 24
749 192 787 204 -
822 193 824 202 ι
896 165 899 190 “

229 267 339 328 Nostri
360 265 532 342 primordio
559 265 775 329 detestandam
789 270 866 328 adeo
880 269 1070 345 perfidorum
1092 271 1193 329 homi·

232 382 304 423 num
326 361 526 435 iudustriam,
549 360 802 440 intentatumque
824 363 994 424 maximum
1016 364 1191 440 periculum

231 455 490 517 annuntiavimus
511 473 567 533 per
588 454 761 532 Epistulam
789 455 989 533 Euryclicam
1018 457 1056 516 ad
1086 475 1192 518 omues

230 551 398 628 Episcopus
418 549 576 611 Ecclesiae
596 549 769 609 catholicae
791 548 847 628 (l),
871 569 940 610 eum
961 569 1013 611 eos
1034 554 1193 628 sequenti·

233 645 290 703 bus
311 644 417 703 verbis
432 645 652 702 hortaremur:
669 642 808 721 Auferte
822 645 945 726 malari
959 645 998 704 de
1012 646 1118 705 mealia
1141 663 1193 707 vc·

231 741 303 810 stri,
327 738 363 797 id
383 747 429 797 est
446 745 622 797 oeueuutos
637 740 733 797 libros
754 741 793 798 ab
815 740 915 798 oeulis
933 736 1048 816 Grepis
1068 757 1193 815 mappa

231 834 267 892 vi
287 841 318 892 et
338 832 511 891 sedulitate
532 838 729 908 extorquete.
747 833 830 898 Quae
853 833 1050 894 hortationes
1069 853 1106 893 ao
1130 852 1194 893 mo·

232 925 301 984 nita
320 926 438 985 Nostra
459 924 486 983 si
508 924 746 996 successissent,
771 925 898 983 minime
921 943 1001 984 nune
1022 927 1098 985 adeo
1121 943 1194 1003 pro·

231 1035 371 1096 grossam
399 1035 465 1076 esse
493 1015 683 1077 intentatam
705 1020 826 1094 Regum
856 1021 1098 1094 Regnorumque
1121 1037 1194 1095 per-

232 1111 345 1170 niciem
368 1109 554 1168 doleremus.
571 1111 645 1170 Cum
663 1109 822 1170 teterrimi
840 1109 890 1168 illi
905 1111 1044 1168 homines
1057 1111 1193 1170 multum

230 1225 262 1266 se
274 1205 444 1282 proficere,
457 1205 580 1280 iamque
596 1205 703 1262 adesse
718 1207 840 1280 tempus
852 1223 908 1264 sua
919 1204 1108 1280 exsequendi
1124 1223 1195 1262 con·

232 1299 304 1358 silla
325 1301 543 1376 agnoscerent,
566 1299 676 1373 aperte
697 1296 838 1372 proferre
860 1302 1043 1374 coeperunt,
1060 1298 1092 1355 in
1113 1299 1195 1358 libro

233 1392 320 1470 typis
341 1392 425 1452 edito
447 1410 527 1450 anno
551 1391 640 1462 1787,
663 1389 868 1450 assertionem
889 1390 1031 1468 Hugonis
1053 1393 1194 1463 Rosarii‚

233 1505 287 1546 seu
309 1487 335 1545 si
357 1487 425 1564 quis
447 1485 527 1545 alius
549 1488 597 1544 est
618 1483 685 1543 eius
705 1483 780 1543 libri
801 1489 914 1544 auctor
935 1483 992 1563 (2):
1012 1485 1196 1546 Laudabile

233 1599 346 1658 uempe
367 1597 430 1640 esse
458 1581 568 1638 tollere
596 1578 634 1638 de
662 1577 766 1636 medio
787 1595 971 1653 supremum
991 1579 1193 1656 Principem,

233 1678 293 1755 qui
312 1676 442 1752 obsequi
462 1673 633 1750 Religioni
652 1675 832 1748 reformare
853 1689 920 1732 uou
933 1675 1015 1746 vult,
1032 1691 1092 1733 aee
1113 1677 1154 1732 iu
1168 1691 1196 1734 se

229 1777 342 1847 partes
362 1770 521 1842 suscipere
538 1768 793 1843 protestantium
803 1784 865 1842 pro
886 1768 996 1827 eadem
1009 1767 1194 1844 Relipioue.

233 1865 300 1930 Qua
320 1866 386 1921 tam
408 1861 514 1938 iniqua
536 1860 693 1920 sententia
715 1859 807 1935 paulo
825 1863 899 1920 aute
914 1860 1086 1933 declarata,
1104 1879 1195 1936 quam

233 1956 412 2018 Ludoviaus
433 1955 465 2012 in
486 1954 572 2013 vitae
593 1954 787 2013 miserrimas
802 1953 964 2014 incidisset
978 1954 1074 2026 vices,
1095 1954 1196 2030 palam

234 2051 378 2110 omnibus
398 2048 516 2109 fautum
537 2049 598 2120 est,
614 2066 691 2124 quae
707 2047 795 2106 illius
809 2047 898 2124 origo
912 2047 1010 2106 fuerit
1030 2064 1196 2106 aerumna-

234 2161 323 2202 rum:
347 2142 439 2217 idque
461 2141 536 2198 adeo
559 2157 615 2216 pro
637 2143 798 2217 comperto
819 2141 990 2198 habendum
1023 2143 1093 2214 est,
1117 2139 1195 2198 tales
1241 2203 1242 2214 2

235 2237 396 2305 nimirum,
419 2234 527 2310 quales
547 2233 714 2310 prodibant
735 2234 765 2293 in
790 2233 908 2305 Gallia,
931 2253 970 2292 ex
991 2234 1144 2312 improbis
1160 2235 1197 2293 li·

234 2330 313 2402 bris,
329 2333 487 2404 tamquam
509 2346 548 2386 ex
563 2335 719 2388 venenata
733 2326 845 2405 stirpe,
862 2329 1046 2404 processisse
1060 2327 1197 2400 fructum
1241 2353 1242 2358 ¹

236 2426 272 2483 ut
292 2423 323 2482 iu
346 2423 423 2484 vita
438 2422 651 2482 scelestissimi
672 2422 808 2482 Veiturii
828 2422 859 2481 in
884 2423 998 2498 vulgus
1019 2423 1106 2482 edita
1121 2423 1198 2482 sari·
1241 2451 1242 2466 2

235 2521 322 2595 ptum
345 2517 454 2591 fuerit,
470 2521 614 2577 aeternas
629 2516 679 2575 illi
700 2499 745 2576 aff
760 2517 895 2576 humano
912 2533 1025 2592 genere
1041 2517 1197 2576 habendas

235 2628 302 2670 esse
323 2612 466 2688 gratias,
490 2614 648 2688 tamquam
679 2611 780 2688 primo
812 2611 955 2688 publicae
986 2609 1196 2670 revolutionis

237 2803 330 2857 tienne,
344 2801 435 2858 qu’une
446 2799 523 2846 haine
533 2799 628 2846 oruella
644 2801 669 2846 et
684 2798 836 2857 implaeeble
847 2799 935 2844 contre
950 2798 977 2844 la
993 2796 1101 2854 religion
1118 2798 1199 2843 autho

236 2877 313 2935 lique.
333 2876 386 2931 Quo
401 2874 512 2932 peuvent
531 2873 636 2921 devenir
652 2873 696 2920 des
713 2873 817 2931 peuples
835 2870 950 2918 credule·
966 2872 992 2917 et
1007 2869 1086 2918 livrds
1103 2871 1120 2918 ie
1137 2873 1199 2918 cette

237 2950 325 3012 aspice
341 2949 371 2996 de
387 2949 533 2996 Doeieursl
546 2985 552 2998 .
565 2984 571 2996 .
584 2985 609 2999 ..
630 2951 658 2997 si
674 2963 707 2997 on
721 2949 790 3007 joint
806 2948 822 2994 d
838 2961 880 2994 ees
899 2948 1063 3006 dispositione
1083 2948 1109 2994 le
1129 2947 1199 3006 glute

235 3033 306 3091 plain
321 3027 352 3078 de
369 3031 413 3078 feu
428 3031 472 3089 qui
487 3031 587 3078 domine
604 3030 668 3077 dune
683 3031 708 3077 le
732 3042 811 3088 pays,
825 3042 858 3076 on
874 3041 933 3076 sore
947 3028 1129 3086 purteitemeut
1148 3041 1201 3076 eon·

237 3108 398 3166 suinumque
413 3108 533 3166 quelques
549 3106 737 3164 mtuagements
753 3107 829 3163 qu’ou
839 3117 887 3164 aye
902 3117 967 3163 pour
981 3105 1019 3151 les
1030 3103 1200 3162 Religionnei-

237 3197 287 3241 ree,
298 3184 336 3232 les
351 3197 417 3244 pays
433 3183 467 3231 ori
483 3197 516 3231 on
532 3184 571 3230 les
586 3183 662 3229 luisse
678 3193 706 3228 se
723 3181 841 3238 fortifler,
854 3177 1034 3238 soutexpoete,
1047 3192 1080 3226 au
1090 3181 1201 3226 moment

238 3263 313 3320 qu'on
329 3273 346 3319 y
362 3273 470 3319 pensare
486 3260 510 3307 le
526 3259 617 3316 moins,
635 3257 651 3304 i
667 3256 720 3304 etro
736 3258 785 3304 mie
801 3269 833 3304 eu
850 3255 1017 3304 combustion.

300 3339 335 3392 (1)
351 3338 410 3384 Dat.
427 3334 619 3383 aspectuum
637 3334 708 3380 1775.

301 3414 336 3466 (2)
354 3415 392 3459 La
407 3409 511 3458 diteuse
529 3409 604 3456 civile
621 3410 646 3455 et
662 3407 780 3455 milituire
798 3407 842 3456 des
857 3406 991 3456 muscentii
1008 3407 1033 3452 et
1048 3404 1079 3452 de
1095 3405 1202 3464 l’Egliee

227 3484 269 3533 de
288 3487 380 3545 christ,
399 3485 459 3534 tuit.
471 3485 553 3544 Lugd.
566 3485 635 3532 loos.
