<?xml version="1.0" encoding="UTF-8"?>
<!DOCTYPE html PUBLIC "-//W3C//DTD XHTML 1.0 Transitional//EN"
    "http://www.w3.org/TR/xhtml1/DTD/xhtml1-transitional.dtd">
<html xmlns="http://www.w3.org/1999/xhtml" xml:lang="en" lang="en">
 <head>
  <title>
</title>
<meta http-equiv="Content-Type" content="text/html;charset=utf-8" />
  <meta name='ocr-system' content='tesseract 3.04.00' />
  <meta name='ocr-capabilities' content='ocr_page ocr_carea ocr_par ocr_line ocrx_word'/>
</head>
<body>
  <div class='ocr_page' id='page_1' title='image "./piivipontmaxact01piusgoog_0253.png"; bbox 0 0 2426 4192; ppageno 0'>
   <div class='ocr_carea' id='block_1_1' title="bbox 416 261 593 326">
    <p class='ocr_par' dir='ltr' id='par_1_1' title="bbox 416 261 593 326">
     <span class='ocr_line' id='line_1_1' title="bbox 416 261 593 326; baseline -0.006 -16"><span class='ocrx_word' id='word_1_1' title='bbox 416 261 593 326; x_wconf 60' lang='lat' dir='ltr'><strong>-2ss-</strong></span> 
     </span>
    </p>
   </div>
   <div class='ocr_carea' id='block_1_2' title="bbox 343 445 648 500">
    <p class='ocr_par' dir='ltr' id='par_1_2' title="bbox 343 445 648 500">
     <span class='ocr_line' id='line_1_2' title="bbox 343 445 648 500; baseline -0.007 0"><span class='ocrx_word' id='word_1_2' title='bbox 343 445 493 500; x_wconf 69' lang='lat' dir='ltr'><strong>botin·</strong></span> <span class='ocrx_word' id='word_1_3' title='bbox 512 446 648 499; x_wconf 75' lang='lat' dir='ltr'><strong>vent·</strong></span> 
     </span>
    </p>
   </div>
   <div class='ocr_carea' id='block_1_3' title="bbox 288 629 716 712">
    <p class='ocr_par' dir='ltr' id='par_1_3' title="bbox 288 629 716 712">
     <span class='ocr_line' id='line_1_3' title="bbox 288 629 716 712; baseline 0.009 -13"><span class='ocrx_word' id='word_1_4' title='bbox 288 629 716 712; x_wconf 50' lang='lat' dir='ltr'><strong>massuetum,</strong></span> 
     </span>
    </p>
   </div>
   <div class='ocr_carea' id='block_1_4' title="bbox 24 829 985 1098">
    <p class='ocr_par' dir='ltr' id='par_1_4' title="bbox 24 829 985 1098">
     <span class='ocr_line' id='line_1_4' title="bbox 24 829 985 910; baseline 0 -16"><span class='ocrx_word' id='word_1_5' title='bbox 24 834 129 904; x_wconf 78' lang='lat' dir='ltr'><strong>Quom</strong></span> <span class='ocrx_word' id='word_1_6' title='bbox 149 834 191 894; x_wconf 85' lang='lat' dir='ltr'><strong>R.</strong></span> <span class='ocrx_word' id='word_1_7' title='bbox 207 833 248 893; x_wconf 76' lang='lat' dir='ltr'><strong>R.</strong></span> <span class='ocrx_word' id='word_1_8' title='bbox 265 832 305 892; x_wconf 89' lang='lat' dir='ltr'><strong>D.</strong></span> <span class='ocrx_word' id='word_1_9' title='bbox 331 832 533 910; x_wconf 77' lang='lat' dir='ltr'><strong>Viceeperene</strong></span> <span class='ocrx_word' id='word_1_10' title='bbox 553 833 597 903; x_wconf 81' lang='lat' dir='ltr'><strong>ad</strong></span> <span class='ocrx_word' id='word_1_11' title='bbox 619 849 670 894; x_wconf 81' lang='lat' dir='ltr'><strong>ece</strong></span> <span class='ocrx_word' id='word_1_12' title='bbox 686 849 702 893; x_wconf 89' lang='lat' dir='ltr'><strong>e</strong></span> <span class='ocrx_word' id='word_1_13' title='bbox 717 829 945 907; x_wconf 68' lang='lat' dir='ltr'><strong>Clerume&#39;ttit,</strong></span> <span class='ocrx_word' id='word_1_14' title='bbox 963 850 985 899; x_wconf 87' lang='lat' dir='ltr'><strong>c</strong></span> 
     </span>
     <span class='ocr_line' id='line_1_5' title="bbox 77 925 984 1004; baseline 0 -18"><span class='ocrx_word' id='word_1_15' title='bbox 77 928 198 1004; x_wconf 80' lang='lat' dir='ltr'><strong>quibua</strong></span> <span class='ocrx_word' id='word_1_16' title='bbox 222 929 308 1004; x_wconf 69' lang='lat' dir='ltr'><strong>forte</strong></span> <span class='ocrx_word' id='word_1_17' title='bbox 329 928 523 1002; x_wconf 77' lang='lat' dir='ltr'><strong>acquiretur</strong></span> <span class='ocrx_word' id='word_1_18' title='bbox 545 927 768 992; x_wconf 74' lang='lat' dir='ltr'><strong>iuramentum</strong></span> <span class='ocrx_word' id='word_1_19' title='bbox 790 925 984 1002; x_wconf 71' lang='lat' dir='ltr'><strong>officialibus</strong></span> 
     </span>
     <span class='ocr_line' id='line_1_6' title="bbox 76 1015 943 1098; baseline 0.002 -20"><span class='ocrx_word' id='word_1_20' title='bbox 76 1022 320 1098; x_wconf 81' lang='lat' dir='ltr'><strong>praescriptum</strong></span> <span class='ocrx_word' id='word_1_21' title='bbox 334 1025 398 1092; x_wconf 83' lang='lat' dir='ltr'><strong>art.</strong></span> <span class='ocrx_word' id='word_1_22' title='bbox 416 1016 483 1076; x_wconf 88' lang='grc'><strong>367</strong></span> <span class='ocrx_word' id='word_1_23' title='bbox 497 1015 749 1083; x_wconf 64' lang='lat' dir='ltr'><strong>Constitutione</strong></span> <span class='ocrx_word' id='word_1_24' title='bbox 762 1018 943 1080; x_wconf 76' lang='lat' dir='ltr'><strong><em>Romanae.</em></strong></span> 
     </span>
    </p>
   </div>
   <div class='ocr_carea' id='block_1_5' title="bbox 20 1209 987 2040">
    <p class='ocr_par' dir='ltr' id='par_1_5' title="bbox 20 1209 987 1947">
     <span class='ocr_line' id='line_1_7' title="bbox 77 1209 983 1284; baseline 0.001 -12"><span class='ocrx_word' id='word_1_25' title='bbox 77 1212 159 1273; x_wconf 86' lang='lat' dir='ltr'><strong>Oum</strong></span> <span class='ocrx_word' id='word_1_26' title='bbox 174 1209 306 1279; x_wconf 80' lang='lat' dir='ltr'><strong>maximi</strong></span> <span class='ocrx_word' id='word_1_27' title='bbox 320 1210 470 1280; x_wconf 77' lang='lat' dir='ltr'>momenti</span> <span class='ocrx_word' id='word_1_28' title='bbox 485 1209 540 1284; x_wconf 83' lang='lat' dir='ltr'><strong>sit,</strong></span> <span class='ocrx_word' id='word_1_29' title='bbox 557 1213 593 1270; x_wconf 89' lang='lat' dir='ltr'><strong>ut</strong></span> <span class='ocrx_word' id='word_1_30' title='bbox 606 1210 716 1270; x_wconf 79' lang='lat' dir='ltr'><strong>clerus</strong></span> <span class='ocrx_word' id='word_1_31' title='bbox 727 1212 885 1273; x_wconf 87' lang='lat' dir='ltr'><strong>Romanus</strong></span> <span class='ocrx_word' id='word_1_32' title='bbox 900 1210 983 1273; x_wconf 87' lang='lat' dir='ltr'><strong>idem</strong></span> 
     </span>
     <span class='ocr_line' id='line_1_8' title="bbox 23 1304 984 1374; baseline 0 -10"><span class='ocrx_word' id='word_1_33' title='bbox 23 1305 144 1370; x_wconf 82' lang='lat' dir='ltr'><strong>sentiat</strong></span> <span class='ocrx_word' id='word_1_34' title='bbox 163 1305 255 1366; x_wconf 86' lang='lat' dir='ltr'><strong>circa</strong></span> <span class='ocrx_word' id='word_1_35' title='bbox 268 1305 480 1374; x_wconf 85' lang='lat' dir='ltr'><strong>iuramentum</strong></span> <span class='ocrx_word' id='word_1_36' title='bbox 494 1304 630 1365; x_wconf 89' lang='lat' dir='ltr'><strong>relatum</strong></span> <span class='ocrx_word' id='word_1_37' title='bbox 645 1304 677 1364; x_wconf 90' lang='lat' dir='ltr'><strong>in</strong></span> <span class='ocrx_word' id='word_1_38' title='bbox 692 1305 827 1368; x_wconf 88' lang='lat' dir='ltr'><strong>articulo</strong></span> <span class='ocrx_word' id='word_1_39' title='bbox 839 1305 984 1372; x_wconf 67' lang='lat' dir='ltr'><strong>eorem,-</strong></span> 
     </span>
     <span class='ocr_line' id='line_1_9' title="bbox 22 1402 987 1474; baseline 0 -10"><span class='ocrx_word' id='word_1_40' title='bbox 22 1402 203 1474; x_wconf 65' lang='lat' dir='ltr'><strong>stitutionis</strong></span> <span class='ocrx_word' id='word_1_41' title='bbox 224 1407 382 1466; x_wconf 76' lang='lat' dir='ltr'><strong>Romanae</strong></span> <span class='ocrx_word' id='word_1_42' title='bbox 403 1403 452 1468; x_wconf 86' lang='lat' dir='ltr'><strong>his</strong></span> <span class='ocrx_word' id='word_1_43' title='bbox 473 1403 595 1463; x_wconf 84' lang='lat' dir='ltr'><strong>verbis:</strong></span> <span class='ocrx_word' id='word_1_44' title='bbox 619 1405 724 1464; x_wconf 87' lang='lat' dir='ltr'><strong>‹Inro</strong></span> <span class='ocrx_word' id='word_1_45' title='bbox 742 1403 845 1466; x_wconf 93' lang='lat' dir='ltr'><strong>odium</strong></span> <span class='ocrx_word' id='word_1_46' title='bbox 860 1420 987 1471; x_wconf 57' lang='lat' dir='ltr'><strong>menan«</strong></span> 
     </span>
     <span class='ocr_line' id='line_1_10' title="bbox 21 1495 986 1568; baseline 0.003 -15"><span class='ocrx_word' id='word_1_47' title='bbox 21 1495 140 1559; x_wconf 67' lang='lat' dir='ltr'><strong>achiae</strong></span> <span class='ocrx_word' id='word_1_48' title='bbox 164 1497 202 1555; x_wconf 85' lang='lat' dir='ltr'><strong>et</strong></span> <span class='ocrx_word' id='word_1_49' title='bbox 218 1497 408 1568; x_wconf 75' lang='lat' dir='ltr'><strong>anesrchiae.;¹</strong></span> <span class='ocrx_word' id='word_1_50' title='bbox 426 1495 613 1559; x_wconf 86' lang='lat' dir='ltr'><strong>fidelitatem</strong></span> <span class='ocrx_word' id='word_1_51' title='bbox 628 1502 663 1557; x_wconf 94' lang='lat' dir='ltr'><strong>et</strong></span> <span class='ocrx_word' id='word_1_52' title='bbox 675 1495 986 1560; x_wconf 81' lang='lat' dir='ltr'><strong>adhaesionem.Rei-.</strong></span> 
     </span>
     <span class='ocr_line' id='line_1_11' title="bbox 22 1588 983 1666; baseline 0.006 -20"><span class='ocrx_word' id='word_1_53' title='bbox 22 1588 198 1665; x_wconf 73' lang='lat' dir='ltr'><strong>»publicae</strong></span> <span class='ocrx_word' id='word_1_54' title='bbox 225 1593 261 1650; x_wconf 89' lang='lat' dir='ltr'><strong>et</strong></span> <span class='ocrx_word' id='word_1_55' title='bbox 285 1589 561 1662; x_wconf 73' lang='lat' dir='ltr'><strong>Constitutioni,›</strong></span> <span class='ocrx_word' id='word_1_56' title='bbox 582 1591 662 1666; x_wconf 91' lang='lat' dir='ltr'><strong>quod</strong></span> <span class='ocrx_word' id='word_1_57' title='bbox 690 1590 832 1654; x_wconf 82' lang='lat' dir='ltr'><strong>nonnulli</strong></span> <span class='ocrx_word' id='word_1_58' title='bbox 859 1591 983 1652; x_wconf 82' lang='lat' dir='ltr'><strong>celero</strong></span> 
     </span>
     <span class='ocr_line' id='line_1_12' title="bbox 23 1681 982 1760; baseline 0.002 -15"><span class='ocrx_word' id='word_1_59' title='bbox 23 1683 188 1758; x_wconf 82' lang='lat' dir='ltr'><strong>praestare</strong></span> <span class='ocrx_word' id='word_1_60' title='bbox 216 1682 308 1742; x_wconf 85' lang='lat' dir='ltr'><strong>modo</strong></span> <span class='ocrx_word' id='word_1_61' title='bbox 337 1682 588 1760; x_wconf 71' lang='lat' dir='ltr'><strong>compellentur,</strong></span> <span class='ocrx_word' id='word_1_62' title='bbox 610 1681 700 1744; x_wconf 88' lang='lat' dir='ltr'><strong>officii</strong></span> <span class='ocrx_word' id='word_1_63' title='bbox 728 1682 831 1750; x_wconf 84' lang='lat' dir='ltr'><strong>nestri</strong></span> <span class='ocrx_word' id='word_1_64' title='bbox 857 1682 982 1747; x_wconf 83' lang='lat' dir='ltr'><strong>omnino</strong></span> 
     </span>
     <span class='ocr_line' id='line_1_13' title="bbox 23 1775 984 1853; baseline 0.002 -19"><span class='ocrx_word' id='word_1_65' title='bbox 23 1793 85 1835; x_wconf 89' lang='lat' dir='ltr'><strong>esse</strong></span> <span class='ocrx_word' id='word_1_66' title='bbox 108 1794 290 1849; x_wconf 81' lang='lat' dir='ltr'>censemus,</span> <span class='ocrx_word' id='word_1_67' title='bbox 312 1775 475 1838; x_wconf 86' lang='lat' dir='ltr'><strong>universos</strong></span> <span class='ocrx_word' id='word_1_68' title='bbox 496 1793 642 1848; x_wconf 87' lang='lat' dir='ltr'><strong>monere,</strong></span> <span class='ocrx_word' id='word_1_69' title='bbox 666 1776 753 1839; x_wconf 86' lang='lat' dir='ltr'><strong>nullo</strong></span> <span class='ocrx_word' id='word_1_70' title='bbox 774 1778 865 1853; x_wconf 80' lang='lat' dir='ltr'><strong>pacto</strong></span> <span class='ocrx_word' id='word_1_71' title='bbox 886 1776 984 1844; x_wconf 70' lang='lat' dir='ltr'><strong>licaeo</strong></span> 
     </span>
     <span class='ocr_line' id='line_1_14' title="bbox 20 1866 818 1947; baseline 0.003 -19"><span class='ocrx_word' id='word_1_72' title='bbox 20 1866 236 1935; x_wconf 78' lang='lat' dir='ltr'><strong>iuramentum.</strong></span> <span class='ocrx_word' id='word_1_73' title='bbox 253 1869 332 1930; x_wconf 90' lang='lat' dir='ltr'><strong>illud</strong></span> <span class='ocrx_word' id='word_1_74' title='bbox 354 1887 431 1947; x_wconf 86' lang='lat' dir='ltr'><strong>pune</strong></span> <span class='ocrx_word' id='word_1_75' title='bbox 453 1872 487 1930; x_wconf 87' lang='lat' dir='ltr'><strong>et</strong></span> <span class='ocrx_word' id='word_1_76' title='bbox 507 1868 694 1946; x_wconf 88' lang='lat' dir='ltr'><strong>simpliciter</strong></span> <span class='ocrx_word' id='word_1_77' title='bbox 715 1871 818 1934; x_wconf 87' lang='lat' dir='ltr'><strong>edere.</strong></span> 
     </span>
    </p>

    <p class='ocr_par' dir='ltr' id='par_1_6' title="bbox 75 1962 983 2040">
     <span class='ocr_line' id='line_1_15' title="bbox 75 1962 983 2040; baseline 0.002 -16"><span class='ocrx_word' id='word_1_78' title='bbox 75 1965 123 2024; x_wconf 86' lang='lat' dir='ltr'><strong>At</strong></span> <span class='ocrx_word' id='word_1_79' title='bbox 144 1962 289 2040; x_wconf 86' lang='lat' dir='ltr'><strong>quoniam</strong></span> <span class='ocrx_word' id='word_1_80' title='bbox 309 1963 444 2023; x_wconf 88' lang='lat' dir='ltr'><strong>maxime</strong></span> <span class='ocrx_word' id='word_1_81' title='bbox 459 1963 606 2036; x_wconf 86' lang='lat' dir='ltr'><strong>interest,</strong></span> <span class='ocrx_word' id='word_1_82' title='bbox 619 1966 812 2039; x_wconf 81' lang='lat' dir='ltr'><strong>perspectam</strong></span> <span class='ocrx_word' id='word_1_83' title='bbox 826 1979 893 2022; x_wconf 88' lang='lat' dir='ltr'><strong>esse</strong></span> <span class='ocrx_word' id='word_1_84' title='bbox 904 1963 983 2026; x_wconf 60' lang='lat' dir='ltr'><strong>Rea</strong></span> 
     </span>
    </p>
   </div>
   <div class='ocr_carea' id='block_1_6' title="bbox 21 2055 987 2415">
    <p class='ocr_par' dir='ltr' id='par_1_7' title="bbox 21 2055 987 2415">
     <span class='ocr_line' id='line_1_16' title="bbox 22 2055 984 2138; baseline 0.005 -22"><span class='ocrx_word' id='word_1_85' title='bbox 22 2058 165 2132; x_wconf 89' lang='lat' dir='ltr'><strong>publicae</strong></span> <span class='ocrx_word' id='word_1_86' title='bbox 194 2057 415 2138; x_wconf 72' lang='lat' dir='ltr'><strong>rectitudinem</strong></span> <span class='ocrx_word' id='word_1_87' title='bbox 447 2056 696 2135; x_wconf 77' lang='lat' dir='ltr'><strong>principiorum,</strong></span> <span class='ocrx_word' id='word_1_88' title='bbox 724 2075 802 2134; x_wconf 91' lang='lat' dir='ltr'><strong>qnae</strong></span> <span class='ocrx_word' id='word_1_89' title='bbox 833 2055 984 2121; x_wconf 81' lang='lat' dir='ltr'><strong>doctrinis</strong></span> 
     </span>
     <span class='ocr_line' id='line_1_17' title="bbox 22 2149 985 2228; baseline 0.003 -21"><span class='ocrx_word' id='word_1_90' title='bbox 22 2151 196 2218; x_wconf 79' lang='lat' dir='ltr'><strong>catholicae</strong></span> <span class='ocrx_word' id='word_1_91' title='bbox 217 2150 380 2228; x_wconf 87' lang='lat' dir='ltr'><strong>religionis</strong></span> <span class='ocrx_word' id='word_1_92' title='bbox 401 2151 525 2213; x_wconf 90' lang='lat' dir='ltr'><strong>omnino</strong></span> <span class='ocrx_word' id='word_1_93' title='bbox 546 2149 720 2210; x_wconf 91' lang='lat' dir='ltr'><strong>conformia</strong></span> <span class='ocrx_word' id='word_1_94' title='bbox 738 2150 907 2227; x_wconf 86' lang='lat' dir='ltr'><strong>profitetur</strong></span> <span class='ocrx_word' id='word_1_95' title='bbox 921 2150 985 2210; x_wconf 66' lang='lat' dir='ltr'><strong>elev</strong></span> 
     </span>
     <span class='ocr_line' id='line_1_18' title="bbox 21 2243 981 2322; baseline 0.004 -21"><span class='ocrx_word' id='word_1_96' title='bbox 21 2260 72 2303; x_wconf 90' lang='lat' dir='ltr'><strong>rus</strong></span> <span class='ocrx_word' id='word_1_97' title='bbox 93 2261 246 2305; x_wconf 86' lang='lat' dir='ltr'><strong>romanus</strong></span> <span class='ocrx_word' id='word_1_98' title='bbox 267 2243 353 2306; x_wconf 88' lang='lat' dir='ltr'><strong>circa</strong></span> <span class='ocrx_word' id='word_1_99' title='bbox 373 2244 556 2304; x_wconf 89' lang='lat' dir='ltr'><strong>hodiernum</strong></span> <span class='ocrx_word' id='word_1_100' title='bbox 579 2244 767 2320; x_wconf 88' lang='lat' dir='ltr'><strong>reipublicae</strong></span> <span class='ocrx_word' id='word_1_101' title='bbox 783 2243 981 2322; x_wconf 65' lang='lat' dir='ltr'><strong>gnberniump</strong></span> 
     </span>
     <span class='ocr_line' id='line_1_19' title="bbox 21 2335 987 2415; baseline 0.002 -21"><span class='ocrx_word' id='word_1_102' title='bbox 21 2335 139 2406; x_wconf 85' lang='lat' dir='ltr'><strong>idcirco</strong></span> <span class='ocrx_word' id='word_1_103' title='bbox 162 2339 370 2415; x_wconf 79' lang='lat' dir='ltr'><strong>unusquisque</strong></span> <span class='ocrx_word' id='word_1_104' title='bbox 391 2341 533 2398; x_wconf 80' lang='lat' dir='ltr'><strong>uestrum</strong></span> <span class='ocrx_word' id='word_1_105' title='bbox 562 2337 681 2414; x_wconf 87' lang='lat' dir='ltr'><strong>poterit</strong></span> <span class='ocrx_word' id='word_1_106' title='bbox 701 2342 773 2398; x_wconf 90' lang='lat' dir='ltr'><strong>tuta</strong></span> <span class='ocrx_word' id='word_1_107' title='bbox 793 2335 987 2405; x_wconf 80' lang='lat' dir='ltr'><strong>conscientia</strong></span> 
     </span>
    </p>
   </div>
   <div class='ocr_carea' id='block_1_7' title="bbox 17 2429 1064 3627">
    <p class='ocr_par' dir='ltr' id='par_1_8' title="bbox 18 2429 984 2881">
     <span class='ocr_line' id='line_1_20' title="bbox 21 2429 984 2509; baseline 0.004 -21"><span class='ocrx_word' id='word_1_108' title='bbox 21 2429 210 2491; x_wconf 85' lang='lat' dir='ltr'><strong>fidelitatem</strong></span> <span class='ocrx_word' id='word_1_109' title='bbox 232 2436 265 2491; x_wconf 90' lang='lat' dir='ltr'><strong>et</strong></span> <span class='ocrx_word' id='word_1_110' title='bbox 285 2430 509 2495; x_wconf 86' lang='lat' dir='ltr'><strong>subiectionem</strong></span> <span class='ocrx_word' id='word_1_111' title='bbox 530 2431 637 2498; x_wconf 81' lang='lat' dir='ltr'><strong>iurene</strong></span> <span class='ocrx_word' id='word_1_112' title='bbox 656 2431 882 2508; x_wconf 70' lang='lat' dir='ltr'><strong>Reipublicae,</strong></span> <span class='ocrx_word' id='word_1_113' title='bbox 903 2449 984 2509; x_wconf 81' lang='lat' dir='ltr'><strong>quaa</strong></span> 
     </span>
     <span class='ocr_line' id='line_1_21' title="bbox 19 2523 980 2601; baseline 0.001 -19"><span class='ocrx_word' id='word_1_114' title='bbox 19 2527 110 2584; x_wconf 91' lang='lat' dir='ltr'><strong>modo</strong></span> <span class='ocrx_word' id='word_1_115' title='bbox 130 2523 284 2601; x_wconf 81' lang='lat' dir='ltr'><strong>tmperat3</strong></span> <span class='ocrx_word' id='word_1_116' title='bbox 308 2542 378 2584; x_wconf 89' lang='lat' dir='ltr'><strong>oum</strong></span> <span class='ocrx_word' id='word_1_117' title='bbox 399 2541 526 2584; x_wconf 90' lang='lat' dir='ltr'><strong>concors</strong></span> <span class='ocrx_word' id='word_1_118' title='bbox 547 2525 691 2588; x_wconf 87' lang='lat' dir='ltr'><strong>doctrina</strong></span> <span class='ocrx_word' id='word_1_119' title='bbox 711 2525 756 2585; x_wconf 83' lang='lat' dir='ltr'><strong>sit</strong></span> <span class='ocrx_word' id='word_1_120' title='bbox 776 2525 832 2586; x_wconf 89' lang='lat' dir='ltr'><strong>SS.</strong></span> <span class='ocrx_word' id='word_1_121' title='bbox 848 2526 980 2588; x_wconf 84' lang='lat' dir='ltr'><strong>Petrum</strong></span> 
     </span>
     <span class='ocr_line' id='line_1_22' title="bbox 18 2616 983 2691; baseline 0.004 -16"><span class='ocrx_word' id='word_1_122' title='bbox 18 2620 50 2676; x_wconf 89' lang='lat' dir='ltr'><strong>et</strong></span> <span class='ocrx_word' id='word_1_123' title='bbox 70 2616 244 2691; x_wconf 86' lang='lat' dir='ltr'><strong>Ecclesiae,</strong></span> <span class='ocrx_word' id='word_1_124' title='bbox 264 2617 314 2677; x_wconf 92' lang='lat' dir='ltr'><strong>illi</strong></span> <span class='ocrx_word' id='word_1_125' title='bbox 336 2617 473 2678; x_wconf 88' lang='lat' dir='ltr'><strong>debitam</strong></span> <span class='ocrx_word' id='word_1_126' title='bbox 488 2635 554 2678; x_wconf 90' lang='lat' dir='ltr'><strong>esse</strong></span> <span class='ocrx_word' id='word_1_127' title='bbox 568 2618 755 2679; x_wconf 84' lang='lat' dir='ltr'><strong>fidelitatem</strong></span> <span class='ocrx_word' id='word_1_128' title='bbox 769 2622 802 2678; x_wconf 91' lang='lat' dir='ltr'><strong>et</strong></span> <span class='ocrx_word' id='word_1_129' title='bbox 817 2618 983 2679; x_wconf 88' lang='lat' dir='ltr'><strong>subiectio·</strong></span> 
     </span>
     <span class='ocr_line' id='line_1_23' title="bbox 19 2709 982 2788; baseline 0.001 -19"><span class='ocrx_word' id='word_1_130' title='bbox 19 2728 88 2769; x_wconf 89' lang='lat' dir='ltr'><strong>nem</strong></span> <span class='ocrx_word' id='word_1_131' title='bbox 111 2709 167 2788; x_wconf 94' lang='lat' dir='ltr'><strong>qui</strong></span> <span class='ocrx_word' id='word_1_132' title='bbox 187 2727 244 2788; x_wconf 93' lang='lat' dir='ltr'><strong>pro</strong></span> <span class='ocrx_word' id='word_1_133' title='bbox 266 2713 443 2787; x_wconf 90' lang='lat' dir='ltr'><strong>temporum</strong></span> <span class='ocrx_word' id='word_1_134' title='bbox 466 2709 682 2771; x_wconf 87' lang='lat' dir='ltr'><strong>vicissitudine</strong></span> <span class='ocrx_word' id='word_1_135' title='bbox 703 2710 896 2770; x_wconf 82' lang='lat' dir='ltr'><strong>Gubernium</strong></span> <span class='ocrx_word' id='word_1_136' title='bbox 917 2728 982 2770; x_wconf 93' lang='lat' dir='ltr'><strong>mo-</strong></span> 
     </span>
     <span class='ocr_line' id='line_1_24' title="bbox 19 2803 753 2881; baseline 0.003 -19"><span class='ocrx_word' id='word_1_137' title='bbox 19 2805 161 2879; x_wconf 87' lang='lat' dir='ltr'><strong>deratur,</strong></span> <span class='ocrx_word' id='word_1_138' title='bbox 183 2803 233 2864; x_wconf 94' lang='lat' dir='ltr'><strong>illi</strong></span> <span class='ocrx_word' id='word_1_139' title='bbox 254 2803 415 2878; x_wconf 88' lang='lat' dir='ltr'><strong>videlicet,</strong></span> <span class='ocrx_word' id='word_1_140' title='bbox 438 2803 495 2881; x_wconf 82' lang='lat' dir='ltr'><strong>qni·</strong></span> <span class='ocrx_word' id='word_1_141' title='bbox 513 2806 585 2864; x_wconf 84' lang='lat' dir='ltr'><strong>actu</strong></span> <span class='ocrx_word' id='word_1_142' title='bbox 607 2803 753 2881; x_wconf 83' lang='lat' dir='ltr'><strong>imperat.</strong></span> 
     </span>
    </p>

    <p class='ocr_par' dir='ltr' id='par_1_9' title="bbox 17 2897 1064 3627">
     <span class='ocr_line' id='line_1_25' title="bbox 77 2897 980 2976; baseline 0 -18"><span class='ocrx_word' id='word_1_143' title='bbox 77 2900 253 2958; x_wconf 87' lang='lat' dir='ltr'><strong>Praeterea</strong></span> <span class='ocrx_word' id='word_1_144' title='bbox 272 2897 319 2957; x_wconf 85' lang='lat' dir='ltr'><strong>ias</strong></span> <span class='ocrx_word' id='word_1_145' title='bbox 346 2899 409 2958; x_wconf 91' lang='lat' dir='ltr'><strong>erit</strong></span> <span class='ocrx_word' id='word_1_146' title='bbox 436 2898 602 2976; x_wconf 89' lang='lat' dir='ltr'><strong>unicuique</strong></span> <span class='ocrx_word' id='word_1_147' title='bbox 632 2903 773 2959; x_wconf 85' lang='lat' dir='ltr'><strong>vestrum</strong></span> <span class='ocrx_word' id='word_1_148' title='bbox 799 2899 925 2972; x_wconf 88' lang='lat' dir='ltr'><strong>iurare,</strong></span> <span class='ocrx_word' id='word_1_149' title='bbox 949 2915 980 2958; x_wconf 86' lang='lat' dir='ltr'><strong>se</strong></span> 
     </span>
     <span class='ocr_line' id='line_1_26' title="bbox 20 2987 980 3069; baseline 0.002 -21"><span class='ocrx_word' id='word_1_150' title='bbox 20 2991 140 3051; x_wconf 88' lang='lat' dir='ltr'><strong>nullam</strong></span> <span class='ocrx_word' id='word_1_151' title='bbox 165 2993 288 3068; x_wconf 87' lang='lat' dir='ltr'><strong>partem</strong></span> <span class='ocrx_word' id='word_1_152' title='bbox 310 2987 492 3053; x_wconf 90' lang='lat' dir='ltr'><strong>habiturum</strong></span> <span class='ocrx_word' id='word_1_153' title='bbox 521 2993 553 3052; x_wconf 96' lang='lat' dir='ltr'><strong>in</strong></span> <span class='ocrx_word' id='word_1_154' title='bbox 582 2991 721 3069; x_wconf 91' lang='lat' dir='ltr'><strong>qualibet</strong></span> <span class='ocrx_word' id='word_1_155' title='bbox 742 2991 980 3065; x_wconf 89' lang='lat' dir='ltr'><strong>coniuratione,</strong></span> 
     </span>
     <span class='ocr_line' id='line_1_27' title="bbox 19 3082 981 3157; baseline -0.001 -15"><span class='ocrx_word' id='word_1_156' title='bbox 19 3084 167 3156; x_wconf 90' lang='lat' dir='ltr'><strong>coitione,</strong></span> <span class='ocrx_word' id='word_1_157' title='bbox 190 3083 243 3144; x_wconf 80' lang='lat' dir='ltr'><strong>vel</strong></span> <span class='ocrx_word' id='word_1_158' title='bbox 264 3084 418 3144; x_wconf 88' lang='lat' dir='ltr'><strong>seditione</strong></span> <span class='ocrx_word' id='word_1_159' title='bbox 439 3086 477 3146; x_wconf 90' lang='lat' dir='ltr'><strong>ad</strong></span> <span class='ocrx_word' id='word_1_160' title='bbox 499 3085 736 3145; x_wconf 85' lang='lat' dir='ltr'><strong>instaurandam</strong></span> <span class='ocrx_word' id='word_1_161' title='bbox 755 3082 981 3157; x_wconf 85' lang='lat' dir='ltr'><strong>monarchiam,</strong></span> 
     </span>
     <span class='ocr_line' id='line_1_28' title="bbox 17 3174 982 3253; baseline 0 -19"><span class='ocrx_word' id='word_1_162' title='bbox 17 3179 50 3236; x_wconf 89' lang='lat' dir='ltr'><strong>et</strong></span> <span class='ocrx_word' id='word_1_163' title='bbox 77 3179 191 3235; x_wconf 87' lang='lat' dir='ltr'><strong>contra</strong></span> <span class='ocrx_word' id='word_1_164' title='bbox 217 3174 424 3252; x_wconf 88' lang='lat' dir='ltr'><strong>imperantem</strong></span> <span class='ocrx_word' id='word_1_165' title='bbox 455 3176 701 3253; x_wconf 87' lang='lat' dir='ltr'><strong>Rempublicam.</strong></span> <span class='ocrx_word' id='word_1_166' title='bbox 732 3175 856 3235; x_wconf 87' lang='lat' dir='ltr'><strong>Poterit</strong></span> <span class='ocrx_word' id='word_1_167' title='bbox 885 3176 982 3234; x_wconf 89' lang='lat' dir='ltr'><strong>etiam</strong></span> 
     </span>
     <span class='ocr_line' id='line_1_29' title="bbox 17 3267 979 3346; baseline -0.001 -18"><span class='ocrx_word' id='word_1_168' title='bbox 17 3271 134 3346; x_wconf 87' lang='lat' dir='ltr'><strong>absque</strong></span> <span class='ocrx_word' id='word_1_169' title='bbox 155 3267 338 3330; x_wconf 80' lang='lat' dir='ltr'><strong>difficultate</strong></span> <span class='ocrx_word' id='word_1_170' title='bbox 359 3270 465 3330; x_wconf 90' lang='lat' dir='ltr'><strong>iurare</strong></span> <span class='ocrx_word' id='word_1_171' title='bbox 490 3269 594 3329; x_wconf 89' lang='lat' dir='ltr'><strong>odium</strong></span> <span class='ocrx_word' id='word_1_172' title='bbox 616 3269 766 3329; x_wconf 86' lang='lat' dir='ltr'><strong>adversus</strong></span> <span class='ocrx_word' id='word_1_173' title='bbox 787 3268 979 3342; x_wconf 88' lang='lat' dir='ltr'><strong>anarchiam,</strong></span> 
     </span>
     <span class='ocr_line' id='line_1_30' title="bbox 18 3361 1064 3439; baseline 0 -17"><span class='ocrx_word' id='word_1_174' title='bbox 18 3381 91 3422; x_wconf 92' lang='lat' dir='ltr'><strong>cum</strong></span> <span class='ocrx_word' id='word_1_175' title='bbox 119 3364 195 3422; x_wconf 89' lang='lat' dir='ltr'><strong>haec</strong></span> <span class='ocrx_word' id='word_1_176' title='bbox 221 3365 323 3422; x_wconf 89' lang='lat' dir='ltr'><strong>status</strong></span> <span class='ocrx_word' id='word_1_177' title='bbox 351 3361 394 3422; x_wconf 84' lang='lat' dir='ltr'><strong>sit</strong></span> <span class='ocrx_word' id='word_1_178' title='bbox 420 3361 678 3439; x_wconf 85' lang='lat' dir='ltr'><strong>perturbationis.</strong></span> <span class='ocrx_word' id='word_1_179' title='bbox 703 3362 840 3421; x_wconf 84' lang='lat' dir='ltr'><strong>Tandem</strong></span> <span class='ocrx_word' id='word_1_180' title='bbox 861 3362 983 3439; x_wconf 85' lang='lat' dir='ltr'><strong>poterit</strong></span> <span class='ocrx_word' id='word_1_181' title='bbox 1054 3409 1064 3422; x_wconf 51' lang='lat' dir='ltr'><strong>t</strong></span> 
     </span>
     <span class='ocr_line' id='line_1_31' title="bbox 18 3455 983 3530; baseline 0 -16"><span class='ocrx_word' id='word_1_182' title='bbox 18 3455 127 3528; x_wconf 86' lang='lat' dir='ltr'><strong>iurare</strong></span> <span class='ocrx_word' id='word_1_183' title='bbox 147 3455 336 3516; x_wconf 80' lang='lat' dir='ltr'><strong>fidelitatem</strong></span> <span class='ocrx_word' id='word_1_184' title='bbox 357 3459 392 3514; x_wconf 92' lang='lat' dir='ltr'><strong>et</strong></span> <span class='ocrx_word' id='word_1_185' title='bbox 405 3455 624 3517; x_wconf 86' lang='lat' dir='ltr'><strong>adhaesionem</strong></span> <span class='ocrx_word' id='word_1_186' title='bbox 635 3455 876 3530; x_wconf 77' lang='lat' dir='ltr'><strong>Constitutioni,</strong></span> <span class='ocrx_word' id='word_1_187' title='bbox 893 3457 983 3516; x_wconf 84' lang='lat' dir='ltr'><strong>salva</strong></span> 
     </span>
     <span class='ocr_line' id='line_1_32' title="bbox 19 3547 983 3627; baseline 0 -18"><span class='ocrx_word' id='word_1_188' title='bbox 19 3553 124 3609; x_wconf 90' lang='lat' dir='ltr'><strong>tamen</strong></span> <span class='ocrx_word' id='word_1_189' title='bbox 145 3548 303 3609; x_wconf 83' lang='lat' dir='ltr'><strong>catholica</strong></span> <span class='ocrx_word' id='word_1_190' title='bbox 323 3547 474 3627; x_wconf 79' lang='lat' dir='ltr'><strong>religione</strong></span> <span class='ocrx_word' id='word_1_191' title='bbox 496 3566 588 3625; x_wconf 92' lang='lat' dir='ltr'><strong>quam</strong></span> <span class='ocrx_word' id='word_1_192' title='bbox 603 3549 783 3627; x_wconf 83' lang='lat' dir='ltr'><strong>profitetur,</strong></span> <span class='ocrx_word' id='word_1_193' title='bbox 799 3548 920 3611; x_wconf 86' lang='lat' dir='ltr'><strong>scilicet</strong></span> <span class='ocrx_word' id='word_1_194' title='bbox 934 3566 983 3609; x_wconf 93' lang='lat' dir='ltr'><strong>re·</strong></span> 
     </span>
    </p>
   </div>
   <div class='ocr_carea' id='block_1_8' title="bbox 0 0 1218 4192">
    <p class='ocr_par' dir='ltr' id='par_1_10' title="bbox 0 0 1218 4192">
     <span class='ocr_line' id='line_1_33' title="bbox 0 0 1218 4192; baseline 0 1"><span class='ocrx_word' id='word_1_195' title='bbox 0 0 1218 4192; x_wconf 95' lang='lat' dir='ltr'><strong> </strong></span> 
     </span>
    </p>
   </div>
  </div>
 </body>
</html>
