2522 4200
246 339 350 400 tribus
370 339 409 399 ad
431 337 606 398 vexandum
628 354 740 415 eorpus
768 338 863 398 borae
884 337 1073 412 momentis,
1097 339 1208 401 suadet

247 433 284 493 nt
297 449 424 493 serenus
438 433 472 491 et
485 433 675 508 postremum
690 429 854 492 benedicat
868 431 942 491 suis:
959 435 1027 492 tum
1049 431 1141 492 filum
1158 434 1209 494 ab·

246 527 385 605 rumpit,
410 543 447 588 ae
469 526 719 604 triumphantem
746 526 857 586 Senem
889 525 954 588 suis
974 527 1042 603 ipsa
1063 527 1209 588 manibus

246 622 331 682 laeta
350 621 440 682 vehit
460 620 492 679 in
513 619 645 682 caelum.
668 621 694 680 0
715 619 807 680 team
827 621 947 692 Senex,
968 638 1061 698 quam
1083 623 1209 681 demum

245 715 325 777 felix
345 733 412 776 esse
432 713 541 775 debuit
561 714 637 773 haec
654 715 745 774 tanta
765 713 940 787 conversio,
955 731 1049 790 quum
1071 714 1208 790 primum

245 811 395 874 candidus
416 811 574 871 insuetum
595 809 715 887 olympi
735 808 831 870 limen
852 809 986 870 miratus
1007 813 1060 870 es!
1083 799 1087 804 ’

305 901 1210 981 Quamquam,PatresEminentissimi,subtaoitumquod·

246 1000 328 1072 dam,
345 1015 400 1058 nec
419 996 498 1058 satis
512 995 703 1073 explicatum
725 997 793 1056 tote
813 995 950 1056 Basilica
964 1011 1109 1056 murmur
1130 996 1208 1056 mibi

245 1092 355 1153 audire
375 1090 499 1162 videor3
514 1091 559 1161 et,
578 1088 606 1148 si
627 1091 713 1148 reete
735 1086 950 1166 interpretor,
973 1089 1137 1148 bominum
1158 1093 1209 1150 est

244 1202 312 1246 sese
332 1180 610 1260 interrogantium,
625 1197 772 1258 quorsum
792 1179 972 1257 pertinebat
985 1180 1079 1240 funus
1094 1198 1208 1258 parere

243 1277 405 1357 Martyri,
433 1275 616 1355 precarique
637 1277 733 1334 Deum
766 1278 804 1334 nt
822 1273 955 1336 flammis
976 1274 1094 1350 eripiat
1122 1293 1206 1349 eum,

242 1373 296 1451 qui
317 1374 456 1434 flammas
478 1387 532 1430 neo
553 1367 684 1443 viderit,
701 1386 757 1429 nee
778 1370 931 1439 senserit,
951 1385 1006 1428 nee
1027 1367 1094 1429 ullo
1115 1370 1207 1428 modo

242 1465 411 1543 attigerit;
434 1481 525 1540 quem
551 1463 653 1523 colere
674 1461 778 1538 potius
805 1461 963 1522 institutis
985 1461 1075 1522 festis
1096 1463 1206 1523 diebus

242 1558 412 1619 decuissetl
425 1558 509 1625 Quae
523 1572 597 1617 sane
610 1555 812 1632 reprehensio
830 1571 895 1615 sese
910 1555 992 1615 tueri
1014 1556 1207 1633 gravissima

242 1652 433 1714 auctoritate
454 1651 563 1710 vestra
584 1649 711 1710 videtur
731 1667 831 1727 posse,
853 1649 907 1725 qui
927 1649 1021 1710 funus
1041 1653 1076 1709 et
1096 1651 1206 1728 parari

241 1745 390 1819 iussistis,
406 1748 440 1806 et
460 1741 606 1816 duxistis,
622 1747 715 1820 atque
736 1744 793 1803 hae
808 1743 1008 1804 solemnitate
1029 1761 1204 1822 pompaque

241 1837 436 1911 celebrastis,
451 1836 633 1914 precatique
647 1836 711 1897 rite
725 1853 782 1912 pro
796 1836 948 1898 Pontifioe
961 1837 1101 1898 Maximo
1112 1839 1205 1901 estis.

240 1932 299 2002 Qui
319 1933 398 1993 mihi
419 1931 572 2004 homines,
594 1929 674 2008 siqui
696 1933 781 2004 sunt,
801 1930 904 1990 rideri
926 1929 1066 2008 profecto
1088 1932 1206 1993 debent

240 2029 293 2089 vel
314 2026 407 2089 obliti
428 2043 507 2099 esse,
522 2024 574 2084 vel
589 2041 755 2101 numquam
774 2024 919 2086 didicisse
940 2043 1018 2103 quae
1033 2027 1203 2106 Theologi,

239 2140 318 2199 quae
338 2123 505 2191 Doctores,
526 2134 604 2195 quae
624 2120 761 2193 Patres,
783 2135 860 2196 quae
882 2122 953 2180 tots
972 2119 1041 2198 ipsa
1062 2121 1205 2184 Ecclesia

239 2215 277 2274 de
297 2212 441 2292 precibus
468 2227 525 2287 pro
545 2209 679 2296 mortuis
707 2210 919 2271 tradiderunt.
943 2212 1018 2280 Quis
1038 2218 1090 2274 est
1117 2215 1203 2276 euim

238 2306 291 2385 qui
312 2305 424 2366 debeat
442 2304 574 2371 nescire,
589 2303 738 2364 bonorum
752 2322 830 2381 quae
844 2305 987 2382 precibus
1002 2307 1201 2384 obtinentur,

237 2417 305 2460 esse
325 2396 562 2458 distributorem
583 2399 691 2470 Denm3
707 2396 761 2474 qui
781 2415 861 2458 unus
881 2402 915 2458 et
935 2398 988 2476 qui
1008 2406 1126 2476 egeant
1147 2419 1203 2462 uo-

237 2491 335 2565 rerit,
352 2495 385 2552 et
398 2490 509 2568 quibus
522 2490 604 2552 velit
623 2490 812 2569 elargiatur;
828 2493 959 2571 flerique
976 2511 1202 2572 saepenumero

236 2601 339 2663 posse,
362 2586 398 2644 ut
418 2600 581 2663 precemur
603 2601 660 2661 pro
689 2584 759 2644 uiro
780 2585 834 2661 qui
855 2587 973 2648 nullius
994 2592 1098 2666 egeat:
1120 2593 1200 2668 quod

235 2678 337 2756 ipsum
353 2677 476 2756 precari
487 2680 592 2738 temen
603 2680 637 2738 et
650 2677 856 2739 iustissimum
867 2681 956 2741 nobis
966 2684 1000 2741 et
1012 2681 1203 2745 iucundissi-

235 2789 320 2832 mum
341 2773 404 2833 Deo
425 2773 486 2845 est,
500 2771 673 2847 quandoin
696 2789 731 2832 eo
752 2771 885 2834 maxime
912 2773 1016 2852 fulget
1035 2777 1203 2852 praeclara

234 2868 292 2930 illa
312 2867 471 2939 charitas,
490 2883 582 2943 quam
604 2869 767 2944 tantopere
788 2868 891 2928 voluit
912 2885 978 2929 esse
1001 2873 1200 2934 commenda·

234 2960 315 3023 tamt
327 2958 530 3028 Quamobrem
545 2959 656 3020 mirari
678 2960 823 3021 desinant
836 2961 975 3021 homines
989 2961 1110 3022 factum
1131 2981 1199 3025 esse

232 3072 291 3134 pro
311 3056 456 3132 Martyre
477 3053 582 3128 funus3
606 3071 641 3114 eo
662 3053 766 3130 potius
787 3053 1002 3126 considerent,
1024 3073 1130 3116 annon
1152 3057 1201 3117 iu·

234 3147 406 3209 atissimum
424 3146 534 3220 fuerit,
551 3148 719 3208 Parentum
737 3146 902 3224 optimum,
917 3165 1008 3225 quem
1033 3148 1200 3211 virentem

232 3241 290 3300 rix
310 3240 388 3300 setis
408 3239 540 3316 diligere
562 3240 732 3316 potuimus,
752 3239 936 3300 morientem
957 3241 1111 3302 extremis
1132 3243 1200 3302 offl-

233 3333 291 3393 oiis
311 3336 519 3410 prosequutus
539 3348 618 3392 esse.
637 3333 846 3409 Quamquam,
864 3331 1114 3395 Eminentissimi
1136 3337 1199 3398 Pa·

234 3427 312 3498 tres,
327 3425 428 3485 maius
448 3425 594 3502 quiddam
615 3425 706 3498 mihi,
729 3427 785 3485 hoo
807 3425 966 3486 celebrato
985 3426 1120 3502 funere,
1141 3445 1198 3488 re-

233 3516 370 3595 strisqne
390 3518 547 3595 precibus,
563 3517 714 3578 videmini
735 3518 856 3579 fecisse.
874 3519 949 3586 Quia
968 3523 1018 3580 est
1037 3519 1120 3580 enim
1142 3521 1195 3598 qni
