2430 4202
119 332 315 388 sacramento
336 329 369 389 in
391 328 464 388 aliis
485 330 582 389 etiam
597 327 791 388 dioecesibus
806 328 904 390 admi·
945 377 947 382 .

119 422 362 483 nistrando-De
383 421 512 483 Vicario
532 421 712 500 Apostolico
733 421 765 482 in
787 421 904 482 Galliis

118 515 407 577 constituendo-De
415 516 628 577 matrimonii
643 517 758 594 absque
768 517 904 594 parocho

95 609 169 670 =vel
190 606 329 687 nuptiali
350 609 563 670 benedictione
576 608 771 669 celebrandis
792 609 905 668 volce-

117 705 250 765 lebratis
255 746 799 765 ...........
819 720 899 780 pap.
925 701 983 764 110

33 795 98 857 1795
119 797 157 858 12
167 798 516 875 Augusti-Responsum
525 795 609 857 circa
620 795 754 856 Dubium
762 799 806 856 de
816 799 903 856 usu-

115 894 164 952 rie
177 893 371 969 propositum
382 893 421 951 ab
431 889 674 968 Archiepisccpo
689 889 861 950 Viennensi
882 906 901 949 »
924 891 983 952 114

64 1004 80 1046 »
119 987 157 1047 19
167 986 364 1064 Septembris
376 1017 391 1034 -
403 985 443 1046 Al
456 984 522 1063 Sig.
536 988 671 1045 Abbate
686 988 730 1044 de
739 987 775 1043 la
786 987 903 1044 Palme

116 1083 258 1141 vicario
270 1084 439 1142 Generale
457 1083 551 1140 della
567 1080 707 1139 Dioceei
728 1079 766 1138 di
781 1080 904 1138 Cham-

117 1181 203 1246 bery
239 1213 836 1236 ............
879 1171 978 1231 »117

154 1267 902 1330 Latinavcrsio.Domin0AbbatidelaPalme

116 1362 244 1423 Vicario
256 1362 404 1422 Generali
417 1358 804 1421 dioecesisOamberiacen.
821 1357 902 1424 Quid

116 1457 271 1533 agendum
299 1457 343 1516 sit
367 1455 532 1515 Paniseeto
552 1453 703 1532 Episcopo
724 1451 848 1511 intruso
869 1450 902 1510 in

116 1549 292 1621 sabaudia,
322 1554 358 1609 ut
384 1547 590 1609 absolutionis
615 1545 800 1605 beneficium
820 1544 902 1621 quod

116 1643 250 1720 supplex
270 1641 432 1720 flagitavit
457 1640 581 1718 assequi
603 1640 732 1718 possit.
778 1683 785 1698 .
830 1682 838 1696 .
883 1636 982 1699 »120

65 1751 79 1793 »
117 1737 154 1796 10
164 1735 542 1797 Decembris-Decretum
551 1734 691 1795 Oard.De
702 1731 828 1804 zelada,
841 1727 902 1808 quo

118 1847 229 1890 rursus
244 1834 473 1900 prorogantur
487 1830 585 1887 donec
606 1847 625 1888 a
645 1825 799 1886 Pontifice
813 1841 906 1884 revo-

116 1925 231 1983 centur
262 1925 450 1984 facultates
474 1937 660 1982 ocnoessae
687 1915 905 1995 Archicpisco·

116 2017 173 2094 pis,
187 2017 351 2094 Episcopis
366 2035 402 2077 ac
415 2017 609 2078 Dioecesium
629 2010 904 2076 Administratori·

116 2109 171 2170 bus
192 2111 297 2188 Regni
319 2111 507 2184 Galliarum,
525 2128 652 2171 necnon
668 2105 853 2179 Avenicnis,
869 2107 903 2165 et

116 2205 289 2265 Comitatus
311 2205 486 2276 Venaisini,
506 2205 692 2278 Sabaudiae,
704 2202 900 2278 aliorumque

114 2297 265 2372 locorum,
288 2317 366 2376 quae
380 2298 590 2376 persecutioni
606 2301 680 2357 sunt
694 2296 838 2356 obnoxia.
882 2312 901 2355 »
924 2295 982 2357 123

38 2383 99 2450 1796
116 2391 153 2452 23
167 2392 496 2453 Ianuarii-Reddidit
507 2393 613 2452 Nobis.
625 2394 821 2452 Alexandro
835 2394 901 2450 An·

117 2488 226 2554 selino
251 2487 526 2557 archiepiscopo
550 2486 747 2545 Rhomensi.
777 2484 903 2544 Laudat

116 2579 181 2638 tum
202 2578 283 2652 eius,
300 2581 367 2637 tum
382 2578 516 2638 aliorum
531 2577 748 2654 episcoporum
762 2576 902 2637 eiusdem

115 2671 295 2746 provinciae
306 2671 553 2732 sollicitudinem
564 2672 602 2731 ob
613 2671 766 2748 quandam
778 2673 921 2738 lustru.

116 2763 250 2825 ctionem
259 2766 413 2826 communi
424 2766 558 2826 consilio
570 2766 799 2838 concinnatam,
808 2781 901 2841 quam

116 2858 284 2932 peculiaris
308 2859 524 2920 cardinalium
546 2857 806 2937 uongregationis
829 2875 903 2916 exa·

118 2949 191 3010 mini
199 2971 230 3012 se
240 2951 409 3012 subiecisse
421 2952 701 3030 significat.Verba
712 2952 791 3012 facit
802 2952 839 3010 de
849 2952 901 3009 ln-

118 3046 293 3105 structicne
314 3045 456 3122 generali
477 3044 515 3104 ad
538 3024 662 3104 Galliae
684 3043 901 3121 Archiepiscc·
934 3085 936 3090 -

120 3153 174 3212 pos
193 3142 226 3198 et
246 3137 415 3216 Episcopos
431 3139 470 3199 ab
490 3140 671 3216 Apostolica
691 3139 769 3199 Sede
790 3154 899 3216 oppor-

116 3231 188 3289 tuno
200 3234 343 3308 tempore
355 3232 615 3292 transmittenda.
626 3231 809 3291 Facultates
822 3230 899 3291 Gal-

117 3320 175 3382 liae
193 3323 459 3402 Archiepiscopis‚
475 3325 645 3403 Episcopis‚
656 3343 691 3384 ac
702 3323 899 3384 Dioecesium

120 3417 439 3480 Administratoribus
481 3417 599 3478 iamdiu
633 3434 793 3477 concessas
827 3433 900 3494 pro-

39 3533 42 3542 *
120 3513 216 3586 rogat.
290 3553 834 3572 ...........
879 3509 979 3571 »124
