2430 4202
443 235 479 248 —
501 205 561 264 317
583 237 620 248 -

15 314 179 390 orilega.
195 315 220 373 Ι.
236 313 304 373 155.
317 345 331 358 -
343 314 391 374 Ab
405 314 559 374 exercitio
581 313 774 391 Episcopalis
796 314 916 376 ordinis
945 335 1013 379 sus·

16 425 172 485 pensus.
188 409 213 466 1.
228 407 325 468 156.-
336 408 478 468 Secunda
494 411 526 468 et
541 408 638 468 tertia
653 407 783 469 monitio
798 410 944 471 canonica
959 412 1011 471 ad·

17 517 159 560 versus
174 517 256 560 eum.
274 502 298 560 I.
315 501 386 561 276.

106 598 229 655 Gnasco
249 597 546 673 pseudo-Episcopus
567 597 691 657 Insulae
709 597 864 670 Corsicae,
880 596 913 656 in
935 595 1013 656 civi·

17 693 111 749 tate
123 690 264 766 Aquensi
276 685 484 752 consecratus.
494 692 518 751 Ι.
532 691 602 752 300.
617 692 696 752 -Ab
710 692 819 751 ordine
835 691 1011 770 Episcopali

22 801 225 861 suspensus.
243 785 320 845 Ibid.
338 789 449 862 etseq.

104 878 232 938 Guillot
255 880 290 938 de
312 880 481 952 Follerillc
510 880 827 957 pseudo-Episcopus3
857 881 1008 941 adversus

22 961 115 1031 eum
137 973 358 1048 praemunitur
379 974 482 1033 clerus
504 978 537 1034 et
558 974 690 1051 populus
708 973 895 1033 Galliarum.
913 977 953 1035 11.
971 975 1013 1035 311

25 1069 73 1124 et
89 1083 181 1141 senu-
200 1135 202 1138 ,

510 1203 543 1258 Η

101 1343 268 1404 Haeretici
282 1344 411 1422 cogendi
425 1346 462 1405 ad
477 1345 582 1418 tidem,
595 1363 655 1405 non
671 1363 745 1407 vero
761 1345 913 1404 infideles.
924 1347 948 1405 Ι.
958 1347 1012 1406 73.

104 1437 276 1497 Helvetiae
296 1438 417 1500 Nuntio
439 1438 620 1514 Apostolico
645 1438 812 1498 facultates
840 1439 1013 1498 concedun-

29 1536 96 1592 tur
121 1550 141 1591 a
164 1531 260 1591 Sacra
287 1532 540 1608 Congregationc
563 1533 600 1590 de
620 1533 829 1608 Propaganda
849 1532 925 1591 Fide
954 1548 1010 1608 pro

31 1624 262 1686 sacerdotibus
277 1626 359 1702 Regi
373 1624 635 1684 christianissimo
652 1625 786 1685 subditis
801 1625 916 1684 ibidem
931 1644 1013 1686 com·
1085 1692 1088 1700 ,

31 1717 256 1778 morantibus.
273 1719 299 1776 I.
315 1715 386 1776 375.
975 1793 977 1796 ¹

103 1809 261 1870 Henricus
276 1810 447 1887 IIAngiiae
461 1813 531 1871 Rex
553 1811 750 1887 recognoscit
768 1812 1008 1872 consuetudines

34 1904 241 1982 anglicanas.
258 1907 283 1963 Ι.
300 1905 371 1963 427.

102 1996 265 2056 Heraudin
292 1998 450 2057 Perochus
478 1998 775 2074 pseudo-Episcopus
800 1997 903 2058 castri
925 1997 1012 2058 Rufi.

34 2096 62 2152 I.
78 2091 154 2150 151.
168 2119 187 2134 -
198 2090 273 2150 Eius
286 2091 399 2151 electio
414 2091 512 2151 nulla.
523 2092 548 2150 Ι.
564 2090 631 2151 155.
643 2091 745 2150 -Eius
760 2089 951 2150 consecratio
967 2109 1013 2151 sa-

34 2185 178 2260 crilega.
196 2184 275 2243 Ibid.
288 2185 364 2244 -Ab
385 2184 493 2244 ordine
514 2184 690 2260 Episcopali
712 2201 887 2260 suspensus.
901 2185 925 2242 Ι.
942 2183 1011 2242 156.

107 2276 280 2336 Hiberniae
302 2277 474 2338 catholicis.
487 2277 643 2354 praecipit
663 2278 781 2338 Paulus
803 2279 850 2350 V,
876 2295 912 2336 ne
934 2295 1018 2335 com·

35 2369 210 2433 munirent
224 2389 293 2430 cum
311 2371 492 2444 haereticis,
509 2390 607 2448 neque
622 2371 834 2432 iuramentum
850 2373 1013 2449 praestent

35 2468 125 2546 quod
148 2467 185 2525 ab
207 2466 251 2525 eis
273 2466 472 2544 exigebatur.
489 2469 515 2528 I.
530 2469 602 2542 434,
619 2468 689 2528 438.

106 2561 226 2620 Hortae
251 2562 284 2619 et
309 2561 459 2622 Civitatis
480 2562 677 2623 Oastellanae
698 2562 844 2639 Episcopi
872 2561 1010 2622 edictum

37 2657 81 2716 de
105 2654 296 2742 iuramento.
313 2657 353 2713 II.
370 2655 441 2716 220.

106 2748 314 2824 Hospitalitos
334 2748 533 2824 antiquorum
545 2753 768 2810 Romanorum.
783 2753 808 2810 Ι.
825 2749 885 2810 348
900 2752 933 2808 51
947 2765 1013 2822 seq.

39 2849 81 2906 et
102 2844 340 2902 Germanorum.
359 2842 383 2901 1.
400 2841 471 2914 350,
488 2843 558 2902 351.
572 2875 588 2887 -
604 2843 754 2902 Omnibus
776 2839 1008 2910 ecclesiasticis,

39 2936 213 3000 abbatibus
235 2935 354 2996 ordinis
375 2937 408 2996 S.
424 2935 585 2995 Benedicti
611 2941 644 2995 et
669 2935 835 2996 abbatissis
860 2951 1017 2993 commen·

41 3035 134 3094 data.
151 3032 175 3090 I.
193 3029 265 3102 351,
281 3028 351 3088 352.
362 3027 596 3104 -Hospitalitas
618 3045 693 3104 erga
714 3030 890 3088 sacerdotes
906 3026 1015 3086 Gallos

41 3124 100 3186 Pii
116 3125 160 3182 VI
175 3125 207 3182 51
222 3111 507 3182 statusPontificii.
521 3122 545 3180 I.
560 3121 619 3180 348
635 3124 667 3180 51
682 3139 745 3198 seq.
763 3123 795 3180 et
810 3121 834 3180 I.
851 3119 922 3192 349,
939 3117 1009 3178 350.

43 3217 272 3294 -Principum,
295 3215 373 3276 cleri
394 3219 427 3275 ct
447 3213 555 3292 populi
576 3213 734 3274 catholici.
750 3217 776 3273 Ι.
797 3213 857 3273 348
872 3217 904 3272 51
923 3229 984 3290 seq.
997 3243 1013 3255 -

44 3311 246 3388 Principum,
262 3309 367 3387 populi
381 3308 546 3369 acatholici
559 3311 592 3368 et
606 3308 793 3386 praesertim
808 3307 893 3384 regis
913 3309 946 3366 et
960 3322 1017 3370 na·

45 3404 145 3466 tionis
157 3404 360 3481 Anglicanae.
375 3401 452 3461 Ibid.
463 3431 480 3446 ·
491 3400 640 3462 Civitatis
652 3400 856 3463 Constantiae
869 3402 903 3458 et
922 3397 1018 3459 abba·

46 3500 169 3561 tiorum
185 3494 460 3557 Petershausensis
479 3498 512 3555 et
530 3493 811 3572 Oreutnlingensis.
825 3495 849 3554 I.
859 3493 929 3567 350,
938 3489 1014 3551 351.
