2426 4192
221 374 341 453 ligioue
369 375 527 438 catholica
553 394 701 437 romana:
731 395 824 454 quam
849 377 1093 440 reservationem
1121 397 1176 438 uon

221 473 371 548 poterunt
391 469 626 532 rationabiliter
641 470 776 530 relicere
788 471 843 548 qui
856 470 1028 548 imperant,
1038 471 1176 548 quonium

222 562 255 622 iu
288 563 429 624 omuibus
464 564 631 624 conformis
660 567 709 624 est
739 564 826 624 actui
856 563 971 641 Populi
1002 563 1177 641 imperantis

222 656 381 736 Principis
401 658 464 718 diei
487 657 526 719 15
545 658 715 719 Februarii
736 659 827 732 1798,
843 677 904 735 quo
924 658 1058 736 populns
1071 661 1178 719 Roma-

223 769 281 810 nus
302 751 334 810 in
357 770 452 813 nuum
472 753 660 813 couveniens
684 770 789 813 coram
809 755 874 812 Deo
895 755 930 812 et
950 752 1100 812 universo
1120 755 1178 810 ter-

221 858 332 905 rarum
354 846 439 922 orbe,
463 864 523 906 uno
543 845 660 924 spiritu
683 864 803 924 unaque
826 863 901 907 voce
922 845 1111 916 declaravit,
1126 842 1178 904 sal·

222 953 295 997 ram
317 938 401 998 vello
423 957 456 998 so
476 940 673 1018 religionem,
688 958 780 1016 quam
798 938 831 998 in
852 938 1033 1016 praesentia
1054 954 1177 998 venera·

222 1032 279 1091 tnr
299 1035 333 1091 et
353 1038 473 1106 servat,
495 1033 617 1093 scilicet
637 1033 824 1093 catholicam
845 1033 1044 1110 religionem.
1067 1034 1112 1091 En
1125 1029 1178 1106 igi-

223 1127 278 1184 tur
298 1124 433 1188 formula
454 1125 625 1188 iuramenti
639 1129 719 1204 qnod
735 1126 945 1203 uuusquisque
958 1129 1105 1185 vestrum
1116 1125 1176 1182 tuta

223 1217 414 1279 conscientia
435 1221 596 1297 praestare
624 1219 755 1296 poterit:
778 1218 882 1295 «Epo
901 1218 942 1277 N.
965 1217 1007 1277 N.
1026 1220 1114 1289 iuro,
1136 1231 1176 1274 me

222 1312 352 1374 nnllam
367 1319 498 1388 partem
518 1312 707 1372 habituram
728 1315 767 1371 in
787 1313 934 1388 qnalibet
944 1311 1174 1378 coniuratione,

223 1406 374 1476 coitione,
388 1407 439 1464 vel
452 1405 610 1465 seditione
626 1423 689 1482 pro
709 1407 955 1464 instauratione
974 1404 1175 1463 monarchias

223 1505 255 1558 et
283 1506 399 1558 eontra
422 1501 663 1575 rempublicam,
686 1515 770 1576 qaae
791 1506 868 1559 acta
892 1501 1059 1574 imperem
1078 1498 1176 1556 odim

224 1591 378 1658 advenas
399 1594 605 1665 anarchiam,
621 1593 814 1672 fidelitatem
827 1601 860 1653 et
873 1593 1105 1652 occasionem
1115 1591 1178 1649 Rei·

220 1685 370 1762 publicae
389 1693 421 1745 et
442 1683 688 1759 constitutioni,
711 1689 805 1746 salva
825 1692 936 1745 tamen
955 1686 1117 1760 religione
1133 1699 1177 1741 ca·

224 1775 346 1838 thaliae
370 1794 554 1839 romana.»

284 1871 508 1932 Existimalnm
528 1875 577 1932 est
598 1874 678 1933 hanc
705 1871 870 1933 formulam
896 1871 1041 1948 superius
1063 1869 1114 1930 hic
1132 1883 1177 1926 ex·
1205 1937 1206 1944 ἵ

224 1979 363 2041 pressam
384 1964 476 2025 (llero
497 1968 729 2043 proponendam
751 1983 830 2038 esse,
847 1969 883 2024 ul
896 1964 962 2024 siut
974 1980 1085 2022 omnen
1098 1961 1176 2020 nnius

224 2057 302 2119 labii
323 2061 356 2117 et
377 2075 553 2118 sermonum
584 2059 772 2132 eorundem,
793 2061 956 2136 postquam
981 2057 1050 2117 Nos
1072 2067 1177 2114 summa

225 2149 413 2211 maturitate
434 2169 470 2211 ac
495 2151 625 2228 praevia
645 2150 804 2211 sententia
824 2154 858 2210 el
877 2147 1010 2209 consilio
1032 2148 1175 2214 virorum,

224 2261 301 2320 qnos
326 2245 359 2303 ct
384 2242 562 2320 theologica
588 2241 732 2349 doctrina
759 2246 792 2302 et
819 2241 920 2348 pietas
948 2239 1175 2346 commendant,
1204 2281 1205 2375 1

223 2335 361 2398 eiusdem
388 2336 487 2396 verba
508 2336 693 2412 digessimus
714 2336 752 2394 ad
774 2338 936 2395 tramntem
958 2345 1173 2410 pruncnpnorun

224 2443 261 2492 ae
283 2427 465 2504 regularum
486 2427 660 2488 catholicae
681 2425 855 2503 religionis.

286 2521 352 2580 Hac
372 2520 422 2580 dis
442 2522 482 2582 ll.
506 2519 646 2581 Ianuarii
666 2521 884 2582 MDOOXOIX.

709 2655 861 2718 Octavian
881 2655 971 2715 Boni

496 2751 646 2829 Archiep.
658 2751 871 2812 Nazianzenus
885 2750 1170 2827 Pro-Vicesgercns.
1202 2763 1203 2810 l
