2424 4196
25 331 179 392 numquam
210 314 431 376 dimittendam
460 315 607 376 Eiusdem
639 307 851 372 miserationis
879 322 977 384 spem,

26 425 107 484 eaque
129 410 219 470 unice
242 409 273 468 iu
295 410 345 470 his
365 410 578 470 communibus
600 403 797 486 gravissimis
818 398 978 463 aerumnis

28 506 227 566 sustentamur
248 522 284 564 ao
306 504 455 564 solamur.
472 505 557 572 Quod
575 521 629 563 vos
650 501 747 562 ctiam
769 501 805 558 ut
825 492 929 572 agatis
944 492 976 550 in

28 596 110 656 tantis
130 615 239 657 rerum
265 601 445 658 vestrarum
459 593 768 674 perturbationibus,
792 604 890 664 neque
912 601 979 645 um-

25 708 102 764 quam
124 692 164 752 ab
185 690 278 750 Illius
298 710 353 769 ope
375 691 525 753 avellatis
547 689 693 750 fiduciam
715 689 867 756 vestram,
881 679 977 738 etiam

22 788 104 859 atque
126 784 224 844 etiam
247 786 416 846 hortamur
440 803 475 844 ac
497 800 655 861 rogamus.

72 881 114 938 At
143 878 175 936 in
207 879 307 940 tantis
335 879 461 939 dolendi
487 878 588 938 causis
616 874 743 952 aliquod
771 869 910 947 cepimus
938 881 978 926 ex

21 972 145 1030 Litteris
170 972 233 1032 tuis
254 972 414 1046 solatium,
431 975 503 1032 dum
525 988 604 1048 quae
625 970 706 1046 apud
718 969 858 1026 Batavos
873 962 975 1025 incre-

22 1071 115 1144 menta
138 1067 223 1128 sacta
245 1068 310 1126 sint
329 1069 535 1145 facilitatem
555 1068 671 1144 quidus
692 1063 853 1124 catholica
879 1056 977 1116 Fides

23 1163 145 1236 pandet,
161 1163 258 1224 Nobis
280 1162 459 1222 luculenter
475 1161 637 1222 describis.
653 1160 777 1220 Novam
798 1173 833 1214 ac
857 1150 979 1211 inaudi-

23 1256 78 1312 tam
107 1263 201 1316 antea
229 1257 401 1333 primorum
427 1258 495 1317 eius
522 1255 713 1332 reipublicae
735 1250 879 1328 capitum
901 1260 979 1321 erga

23 1346 190 1409 Catholicos
218 1350 469 1411 benevolentiam
497 1353 566 1425 post
597 1351 694 1408 Deum
724 1343 839 1404 tribuis
863 1337 981 1398 sollici·

24 1443 115 1501 tudini
137 1444 251 1504 Nuntii
273 1445 384 1505 Nostri
407 1447 484 1506 Ven.
501 1444 628 1504 Fratris
650 1440 791 1504 Caesaris
811 1433 980 1510 Archiepi-

24 1536 97 1612 scopi
110 1538 266 1611 Nisibeni,
280 1538 332 1615 qui
345 1539 446 1598 multa
460 1539 532 1598 istic
544 1538 593 1596 bis
605 1535 798 1613 temporibus
813 1543 980 1607 peroppor-

24 1633 92 1689 tuna
113 1636 179 1692 tam
202 1632 297 1691 verbo
318 1650 411 1709 quam
431 1633 575 1708 exemplo
598 1628 774 1708 peragitati
791 1643 857 1684 rem
872 1621 979 1680 catho-

23 1721 107 1783 licam
130 1727 374 1801 provehendam,
390 1726 510 1804 ipsique
529 1724 732 1802 Reipublicae
748 1723 859 1778 contra
873 1715 980 1775 Gallos

24 1821 268 1881 communiendae
291 1822 467 1897 profutura.
492 1824 536 1881 De
558 1821 616 1878 hoc
645 1819 713 1895 ipso
744 1813 864 1892 gratias
889 1809 981 1867 mise·

5 1911 132 1989 3ricordi
147 1917 210 1974 Deo
225 1915 444 1990 persolvimus,
464 1914 625 1990 ipsumque
646 1911 800 1972 Nuntium
814 1907 978 1972 Nostrum,

24 2020 104 2078 quem
125 2010 220 2066 antea
240 2007 409 2083 plurimum
425 2007 462 2065 ob
478 2025 533 2066 sua
555 2006 671 2065 merita
684 2002 865 2072 dileximus,
879 1995 981 2056 multo

24 2115 96 2157 nunc
117 2100 266 2159 habemus
287 2118 326 2159 ex
348 2101 404 2158 hoc
426 2099 590 2175 praeclaro
611 2096 790 2159 testimonio
806 2096 861 2153 tuo
876 2089 980 2150 cario·
1040 2097 1042 2102 '

24 2208 93 2252 rem.
113 2195 272 2270 Deumque
300 2195 416 2254 iterum
445 2197 540 2269 alque
565 2193 682 2252 iterum
704 2191 920 2258 obtestantes,
944 2187 981 2242 ut

25 2287 122 2346 tantas
141 2286 326 2363 populorum
348 2287 502 2364 procellas
523 2288 560 2345 ad
584 2285 807 2361 tranquilliora
821 2277 980 2342 Ecclesiae

5 2380 157 2459 'tempora
177 2379 312 2452 referat,
333 2381 545 2457 Apostolicam
565 2377 819 2439 Benedictionem
834 2373 918 2446 Tibi,
934 2372 982 2432 di·

26 2469 99 2531 lecte
115 2473 180 2534 Fili
200 2475 331 2546 Noster,
354 2473 479 2551 tuisque
504 2472 646 2533 omnibus
667 2472 700 2531 iu
722 2470 907 2532 caelestium
928 2467 982 2526 do·

28 2582 127 2624 norum
148 2566 345 2644 auspicium,
368 2585 403 2628 ac
425 2569 457 2627 iu
477 2569 614 2629 Nostrae
636 2563 732 2624 etiam
757 2567 907 2640 paternae
929 2577 982 2620 ca-

28 2658 125 2720 ritatis
145 2661 259 2738 pignus
280 2665 481 2736 peramanter
502 2658 713 2735 impertimur.

79 2756 189 2814 Datum
217 2757 335 2815 Romae
364 2753 413 2812 die
440 2755 512 2813 Vlll
539 2750 727 2813 Novembris
751 2746 978 2816 mucoxolv,

6 2889 8 2894 s
31 2846 223 2909 pontificatus
242 2847 353 2909 Nostri
374 2865 455 2906 anno
476 2848 547 2906 XX.
