2424 4196
397 210 576 272 -121-

30 325 142 389 nentur,
164 326 196 378 et
214 319 282 378 aiei
295 318 514 378 declaraverit
527 317 698 394 speciatim
716 317 893 394 eaorileoae
904 331 970 377 eene

31 412 231 473 ordinationes
250 414 290 472 ab
310 413 450 470 intrusis
470 413 538 471 sine
550 419 698 486 acceptat
718 412 786 470 sine
804 419 970 487 peractam

33 507 141 565 irritam
161 524 225 567 cese
243 509 397 568 collatam
417 507 457 565 ab
479 507 521 564 iis
534 506 775 576 auctoritatem
793 506 968 566 iniustam·

32 616 75 674 quc
86 603 249 660 etnnllam
262 616 325 660 esse
341 600 558 659 intrusionem
573 615 644 658 nna
657 615 730 658 cnm
744 599 869 658 actibus
891 599 970 660 inde

29 695 149 767 aequatis
155 714 170 765 ,-
190 700 222 754 et
241 694 310 752 nisi
332 691 548 752 iureiurando
566 675 764 768 promiserit}
781 707 814 751 sc
828 689 969 766 Aposto-

27 783 92 844 licue
110 786 184 846 hnic
205 784 282 846 Sodi
302 785 521 861 leqitimisqnc
541 785 711 861 Episcopie
732 786 970 859 obtemperato-

25 893 94 948 rnm,·
105 887 135 938 et
154 881 224 940 nisi
237 879 378 955 deniqne
390 879 582 954 parochiam
596 879 704 939 einero
713 884 842 952 partem
855 892 969 952 reapse

25 971 217 1044 abdicaverit,
241 988 413 1047 canemque
434 973 576 1032 eiuratio
597 979 629 1031 et
650 970 813 1031 abdicatio
838 971 970 1046 publica

23 1064 118 1138 tuerit,
130 1066 267 1142 perinde
279 1082 316 1125 ac
328 1066 452 1124 crimen
464 1081 591 1141 quoqne
604 1065 772 1141 pollicum
785 1066 865 1141 fnit.
883 1063 970 1130 Qua·

23 1167 132 1235 propter
152 1161 180 1219 si
202 1160 385 1220 Panissetus
400 1158 609 1218 absolutionis
624 1157 806 1218 beneficium
822 1155 970 1234 consequi

23 1251 98 1323 velit,
120 1271 243 1313 necesse
262 1246 389 1312 omuino
403 1254 454 1312 est
467 1254 559 1312 hasce
573 1251 767 1312 conditiones
781 1255 969 1328 exequatur,

23 1343 42 1400 si
53 1349 147 1406 tamen
166 1347 271 1424 prims
283 1346 463 1422 excipiatur
475 1345 670 1422 praescripta
683 1363 703 1405 s
716 1345 894 1406 Sanctitate
906 1345 971 1403 Sua

21 1453 65 1512 pro
91 1439 285 1500 absolutione
313 1438 527 1509 intumentum,
551 1442 587 1498 ut
612 1437 734 1498 scilicet
758 1440 877 1514 scripto
902 1437 971 1496 ein·

20 1540 80 1590 rent
97 1536 235 1594 civicum
258 1535 491 1604 iuramentum,
515 1534 650 1609 illosque
664 1545 788 1592 errores
801 1533 861 1608 qni
876 1529 971 1590 cioili

20 1628 235 1687 constitutione
261 1628 341 1688 oleri
372 1623 542 1686 Gallicani
566 1628 798 1687 continentur:
826 1623 970 1702 quondo-

19 1715 122 1790 quidem
134 1719 322 1778 Panissetus
335 1735 395 1777 non
409 1718 545 1778 civicum
561 1717 773 1777 iuramentum
788 1714 969 1794 praestitit,

19 1810 59 1866 sod
79 1810 239 1872 libertatis
261 1811 294 1870 et
314 1809 519 1888 aequalitatis
540 1811 777 1882 iusiurandum
793 1810 904 1885 dequo
920 1814 970 1869 ta·

19 1917 74 1960 nen
92 1904 316 1980 ignoraturos
337 1904 449 1981 quibus
470 1905 578 1966 verbis
598 1905 782 1980 conceptum
803 1899 921 1975 fuerit,
936 1904 970 1960 et

17 2011 79 2069 quos
98 1997 388 2066 restrictionesuut
402 1998 609 2060 limitationes
630 1997 698 2074 ipse
719 1996 902 2058 Panissetus
915 1993 970 2054 ei·

18 2087 73 2147 dem
92 2091 256 2152 adiecerit.

66 2185 116 2246 ΙΙΙ.
138 2184 277 2247 Noverit
297 2187 404 2244 autem
424 2183 603 2245 Dominatio
624 2186 706 2259 Tua,
727 2183 814 2245 hisne
827 2181 969 2260 impletis

18 2278 235 2338 conditionibus
262 2278 444 2338 beneficium
473 2277 681 2338 absolutionis
706 2279 970 2354 consequnturum

18 2367 72 2428 lore
98 2373 318 2432 Panissetum:
348 2370 398 2448 qui
431 2375 535 2432 tamen
557 2372 686 2431 minime
706 2371 767 2432 sibi
788 2369 970 2432 blandiatur

18 2458 117 2524 idcireo
131 2466 231 2526 licere
245 2465 303 2525 sibi
318 2466 510 2542 episcopales
524 2471 613 2526 notus
630 2466 680 2526 vel
697 2465 796 2526 officie
807 2483 967 2528 exercere.

19 2554 138 2618 Necesse
166 2557 250 2620 enim
279 2561 328 2618 est
350 2562 385 2618 nt
406 2563 575 2636 antequam
597 2559 800 2633 absolvatur,
826 2558 971 2620 dimittat

19 2650 213 2729 episcopalem
241 2652 412 2714 Ecclesiam
442 2653 473 2712 in
502 2670 595 2730 quam
623 2653 765 2714 intrusus
788 2654 869 2726 lnit3
891 2669 970 2730 quae

18 2741 143 2805 dimissio
166 2753 232 2806 tam
255 2743 380 2822 publica
400 2746 492 2806 debet
512 2765 577 2806 esse
592 2764 628 2806 ac
644 2748 786 2820 notoria,
799 2763 892 2823 quem
907 2743 971 2806 tuit

19 2841 218 2912 perpetratum
244 2838 362 2897 crimen
385 2838 583 2899 intrusionis.
602 2840 738 2901 Noverit
756 2840 884 2916 insuper
908 2855 970 2897 non

20 2932 93 2988 nodo
111 2930 315 2992 interdictum
334 2933 402 2992 fore
424 2933 523 2993 eidem
535 2934 696 2994 Panisseto
717 2933 903 2994 exercitium
918 2948 971 2989 cu·

20 3016 113 3098 iusque
131 3026 220 3084 actus
242 3025 427 3102 episcopalis
449 3027 567 3086 ordinis
587 3025 640 3086 vel
661 3023 899 3095 iurisdictionis,
918 3023 970 3082 sed

20 3112 101 3174 ctiam
122 3117 271 3194 cuiusque
285 3118 415 3178 Ordinis
428 3122 546 3193 actum;
562 3119 720 3188 habendus
746 3117 829 3178 enim
844 3121 901 3194 ¹est
921 3114 971 3175 uti

18 3208 148 3269 redactus
167 3212 205 3270 ad
228 3211 341 3272 laicam
357 3213 621 3284 communionem,
638 3211 734 3271 donec
749 3215 821 3288 post
835 3207 970 3269 maxime

17 3293 192 3364 laudabilem
206 3305 292 3364 vitae
309 3305 463 3366 rationem
479 3305 518 3364 eb
533 3304 600 3381 ipso
614 3300 794 3378 ineundam,
809 3321 887 3380 quae
900 3320 971 3381 gra-

19 3390 167 3456 vissimum
189 3399 369 3459 scandalum
392 3400 430 3459 eb
452 3417 487 3459 eo
509 3397 635 3460 illatum
657 3396 814 3458 resarcire
841 3397 968 3472 valeat,

18 3479 120 3546 mereri
141 3490 240 3566 possit
262 3497 297 3552 ut
312 3509 330 3553 a
344 3508 489 3569 supremo
503 3491 660 3552 Ecclesiae
676 3492 807 3550 Pastore
821 3492 860 3552 ad
877 3507 971 3550 exer-
