2488 4204
451 237 550 298 ..57
572 268 610 283 ..

56 342 132 416 tiati,
148 343 201 402 vel
223 343 261 402 sd
278 341 498 415 minores‚aut
515 361 618 404 sacros
631 344 757 404 ordines
771 343 925 421 sacrilege
944 359 1015 420 pro·

54 437 123 496 moti
145 436 281 508 luerint,
299 436 352 514 qui
373 437 515 513 proiecto
530 437 739 516 suspensionis
760 437 887 500 vinculo
900 437 1015 498 obstri-

53 531 92 590 cti
111 533 265 592 tenentur
283 530 328 609 (5.
349 531 439 594 Hinc
465 534 602 593 minime
621 531 666 611 (l)
687 533 726 592 de
753 531 960 594 schismaticis
980 536 1015 592 et

52 625 205 685 ordinatis
218 624 259 684 ab
273 625 344 703 eis),
360 630 406 700 et,
426 627 453 686 si
474 631 633 705 susceptos
654 627 780 686 ordines
801 626 1013 698 exercuerint,

50 719 285 798 irregularitati
312 721 408 782 eliam
436 722 562 782 obnoxii
583 725 679 794 sunt,
703 738 745 782 ex
764 720 907 782 emerici
935 719 1015 781 iuris

48 816 264 892 dispositione.

105 911 147 968 V.
165 909 225 976 Qui
245 909 422 970 iuramento
442 910 559 972 foedati
579 929 673 972 curae
694 911 869 972 animarum
884 911 1015 973 titulum

49 1002 238 1064 invaserunt
251 1003 318 1062 sive
340 1003 462 1064 nullum
477 1008 535 1065 aut
554 1004 638 1065 alind
654 1023 746 1082 qnam
768 1004 932 1066 Pastorsle
946 1022 1017 1082 pos·

48 1095 188 1157 sidentes
208 1096 404 1170 beneficium,
420 1100 459 1159 ab
479 1099 603 1160 intruso
623 1100 779 1177 episcopo,
794 1104 851 1161 aut
870 1117 891 1159 a
911 1117 1017 1160 meon·

48 1189 108 1250 lari
129 1195 308 1264 conventu,
334 1195 390 1250 aut
417 1192 514 1253 aliter
534 1210 626 1269 quam
647 1211 666 1253 a
691 1193 839 1254 canonica
859 1195 1017 1270 potestate

49 1283 266 1344 inlaudatam
289 1283 418 1344 titulum
441 1285 528 1346 missi
549 1285 687 1360 fuerint,
709 1287 775 1346 sive
796 1287 941 1370 legitimo
962 1291 1021 1364 pa-'

52 1378 166 1438 storali
187 1379 395 1439 adhaerentes
416 1379 525 1452 titulo,
548 1382 696 1440 eomodo
724 1399 829 1443 sacras
849 1381 927 1442 alibi
948 1380 1019 1440 fun·

50 1473 172 1532 ctiones
187 1472 301 1532 obeant
315 1475 352 1531 ut
363 1457 501 1533 alienum
522 1473 620 1534 etiam
636 1491 802 1552 usurpasse
815 1478 1015 1553 reputentur.

106 1570 151 1628 R.
167 1567 216 1628 Ad
238 1566 365 1626 dubium
387 1568 426 1626 V.
444 1568 505 1627 Eos
519 1568 556 1627 de
570 1568 684 1645 quibus
703 1569 754 1628 hic
767 1568 889 1646 agitur,
903 1569 1019 1628 haben·

51 1661 101 1721 dos
122 1679 195 1721 esse
215 1678 274 1738 pro
294 1660 426 1721 intrusis
453 1663 491 1722 ad
513 1661 644 1722 formem
666 1657 849 1724 litterarum
870 1662 1019 1739 apostoli-

51 1772 159 1816 carum
181 1754 244 1814 diei
261 1754 299 1813 13
318 1753 441 1830 Aprilis
462 1745 552 1828 1791,
571 1756 601 1830 5.
616 1757 817 1816 Macdamua
836 1765 1017 1832 propterea,

53 1853 82 1908 et
99 1850 132 1924 5.
151 1847 207 1906 Ad
231 1847 460 1921 praecavenda
477 1845 535 1924 (2),
558 1865 675 1908 necnon
697 1865 755 1925 pro
776 1849 1019 1910 adhaerentibus

57 1940 174 2000 haeresi
197 1943 231 1998 et
251 1938 431 2010 schismati,
456 1941 591 2017 adeoque
613 1959 671 2000 non
700 1960 767 2002 esse
794 1942 1018 2015 absolvendos,

57 2034 109 2094 nisi
124 2032 265 2092 servatis
279 2032 421 2092 omnibus
435 2032 666 2094 conditionibus
681 2035 885 2112 praescriptis
899 2036 931 2095 in
946 2054 1019 2097 mox

57 2126 161 2188 citetis
183 2125 305 2185 litteris
326 2125 389 2184 diei
412 2127 450 2186 13
465 2126 546 2186 Iunii
569 2127 659 2201 1792,
675 2129 705 2204 5.
718 2129 767 2204 ,Et
788 2147 829 2191 uc
849 2131 1021 2190 adsolmio-

55 2239 119 2293 oes;
134 2225 169 2281 et
182 2219 306 2297 quoties
326 2219 358 2279 in
375 2237 484 2284 errore
505 2227 722 2298 perseverent,
738 2224 939 2285 declarandos
953 2242 1020 2284 esse

54 2317 206 2393 privatos,
222 2318 255 2375 ct
269 2319 421 2391 quatenus
442 2332 517 2391 opus
538 2316 596 2388 sit,
609 2317 779 2393 privandos
791 2336 858 2380 esse
879 2336 935 2396 per
955 2317 1022 2396 epi·

55 2428 160 2488 scopos
176 2413 335 2482 tamquam
351 2408 442 2468 Sedis
456 2408 647 2486 apostolicae
661 2411 834 2488 delegatos,
849 2416 883 2471 et
897 2412 1021 2472 nomine

56 2503 142 2563 Sedis
163 2502 325 2572 eiusdem,
348 2500 446 2560 officio
468 2505 502 2562 et
523 2503 672 2562 beneficio
703 2521 773 2563 cum
794 2524 871 2567 cura
898 2510 932 2566 ct
952 2505 1020 2566 sine

55 2613 128 2656 cura
148 2599 245 2656 antea
265 2594 406 2671 legitime
427 2595 587 2672 quaesitis.

114 2691 168 2749 VI.
184 2688 245 2755 Qui
265 2687 398 2747 titulum
419 2691 580 2764 proprium
601 2691 819 2763 deseruerunt,
839 2695 896 2752 aut
916 2709 1020 2752 coram

60 2781 143 2842 laicis
164 2782 366 2852 abdicantes,
393 2783 560 2859 posteaque
588 2781 718 2860 impium
747 2785 841 2844 etiam
870 2785 1021 2846 facientes

60 2873 283 2946 iuramentum,
307 2878 364 2936 aut
388 2874 420 2933 in
449 2880 634 2936 extraneum
664 2893 775 2938 munus
796 2880 1020 2948 transeuntes,

61 2967 121 3026 sive
142 2967 361 3045 praecesserit,
385 2967 460 3052 sive
473 2967 588 3027 omissa
607 2968 706 3029 fuerit
726 2971 862 3046 propriis
882 2969 1023 3030 muneris

60 3060 221 3122 abdicatio.
542 3123 543 3128 ,
620 3117 623 3122 .

116 3157 155 3216 R.
173 3155 220 3220 Ad
237 3153 365 3214 dubium
388 3155 442 3213 VI.
459 3155 520 3213 Eos
542 3152 705 3230 dequibus
726 3152 778 3214 hio
799 3154 917 3232 agitur,
933 3157 1023 3227 tene-

61 3247 89 3306 ri
110 3248 272 3309 dimittere
302 3246 550 3308 ecclesiasticum
578 3264 712 3320 munus,
736 3249 851 3325 absque
876 3249 1024 3308 canonica

61 3339 259 3403 institutione
279 3344 476 3417 occupatum,
492 3357 548 3399 nec
562 3355 629 3399 esse
650 3339 866 3414 absolvendos,
884 3341 944 3401 nisi
959 3359 1025 3402 ser·

120 3473 153 3527 (1)
167 3470 226 3520 Vld.
236 3474 297 3518 tom.
310 3473 331 3518 I.
343 3483 402 3531 pag.
414 3473 469 3519 820.

122 3547 155 3603 o>
173 3546 544 3606 vid.tom.1.pog.1oo,1ot.
