2426 4192
216 278 390 350 deleverit,
412 282 446 338 et
466 295 486 337 a
505 280 587 339 mari
613 297 710 356 usque
737 281 775 340 ad
804 297 892 340 mare
921 271 1028 342 Crucis
1049 280 1166 357 gloriam

217 372 337 432 victrix
357 374 552 450 propagarit,
569 376 751 451 eosdemque
774 372 950 452 Religionis
971 376 1065 447 fines,
1081 393 1114 434 ac
1127 389 1168 432 or-

218 466 266 525 bis
276 470 434 524 terrarum
461 468 584 527 feccrit.
611 468 706 528 Fides
730 469 900 542 Ecclesiae,
922 469 1050 546 scripsit
1063 471 1095 528 S.
1108 469 1168 526 Am·

219 561 362 633 brosius,
384 579 482 638 neque
503 560 535 619 in
559 562 663 638 gladio
691 579 746 620 suo
766 562 849 621 feras
876 562 1002 639 expulit
1022 563 1166 630 nationes,

220 673 318 730 neque
339 639 511 712 certamine
533 653 646 713 bellico
669 657 791 713 turmas
812 655 938 731 fugavit
966 656 1107 724 hostiles,
1128 655 1167 712 scd

220 747 459 808 mansuetudine
476 751 509 807 et
523 747 584 805 fide
599 749 703 807 terras
718 747 916 807 inimicorum
929 748 1079 824 possedit.
1091 748 1168 808 Fides

219 841 300 899 enim
324 841 392 899 sola
412 839 587 916 pugnavit3
603 840 672 898 ideo
692 840 870 916 triumphos
885 842 1014 914 meruit,
1029 842 1103 918 quia
1115 857 1169 918 per·

220 932 456 1009 sequutionibus
477 949 537 990 non
559 932 701 991 vincitur
717 932 859 992 Ecclesia
881 936 932 992 sed
955 940 1102 1010 augetur.

280 1026 363 1090 Quae
384 1024 495 1100 primis
517 1025 708 1101 temporibus
723 1028 761 1086 ad
776 1027 949 1086 Ecclesiam
964 1027 1165 1102 auspicandum

220 1137 256 1180 ao
277 1119 508 1194 propagandam
530 1116 615 1177 sacta
642 1121 735 1190 suut,
758 1121 862 1177 eadem
886 1120 922 1178 ad
947 1119 1048 1195 ipsam
1076 1138 1168 1178 ornau-

221 1215 290 1272 dam
312 1216 405 1287 atque
427 1210 678 1286 amplificandam
701 1201 964 1288 consequentibus
983 1213 1111 1271 subinde
1128 1231 1168 1271 an-

219 1306 269 1365 nis
290 1305 379 1364 scitis
400 1304 561 1364 accidisse.
584 1305 671 1365 Nota
691 1306 834 1365 omnibus
855 1313 929 1364 suut
950 1307 1106 1384 sacrilega
1123 1307 1167 1364 illa

220 1404 331 1459 contra
351 1398 522 1458 Ecclesiam
546 1398 630 1458 bella
649 1400 894 1474 haereticorum,
911 1407 1006 1461 notae
1027 1401 1167 1461 execrabi-

219 1494 267 1553 les
288 1492 512 1563 immanitatcs,
536 1494 611 1550 nota
630 1493 713 1565 odia,
728 1491 926 1572 impetusque
949 1494 1000 1554 illi
1022 1494 1167 1564 acerrimi,

221 1588 333 1664 quibus
353 1589 419 1647 eius
442 1586 595 1646 unitatem
617 1587 801 1661 dissolvere,
818 1590 1039 1666 iutegritatem
1056 1593 1166 1658 violare,

221 1681 419 1741 maiestatem
434 1680 575 1740 minuere
587 1682 781 1742 acerbissimi
795 1683 846 1743 illi
860 1685 968 1744 hostes
981 1686 1089 1746 conati
1101 1687 1166 1752 sunt,

221 1793 241 1834 a
260 1775 372 1851 quibus
401 1774 559 1851 profecto,
582 1773 609 1832 si
632 1775 706 1834 ullis
734 1777 914 1849 hominum,
935 1783 994 1837 aut
1014 1777 1165 1837 inferorum
1202 1831 1203 1834 ,

223 1868 313 1940 dolis,
330 1888 366 1928 ac
380 1867 501 1926 viribus
514 1867 655 1926 Ecclesia
672 1876 778 1945 posset
797 1871 950 1942 exscindi,
968 1872 1075 1932 omnia
1089 1871 1167 1930 exitia

222 1961 252 2020 ei
274 1961 407 2020 fuissent
427 1961 606 2018 metuenda.
629 1962 674 2020 At
694 1980 771 2020 vero
793 1967 982 2038 quartanam
1005 1969 1098 2040 parte
1117 1982 1167 2022 suo·
1202 1967 1203 1972 ’

223 2073 292 2114 rum
314 2059 567 2114 ornamentorum
590 2071 670 2112 nunc
691 2058 816 2114 careret
836 2056 987 2129 Ecclesia,
1011 2058 1038 2116 si
1062 2058 1117 2118 illa
1134 2063 1167 2116 te

223 2148 357 2208 terrima
382 2146 481 2220 belle,
510 2147 586 2206 illae
615 2147 787 2208 acerrimae
816 2151 1037 2212 contentiones
1060 2154 1096 2213 ad
1116 2168 1165 2210 eam
1202 2189 1203 2196 κ

223 2240 459 2300 convellendam
475 2259 534 2298 non
549 2241 765 2300 exstitissentl
778 2245 865 2302 Tunc
879 2244 975 2303 etiam
990 2244 1089 2316 ferro,
1101 2247 1167 2304 flan-
1202 2271 1203 2276 1

222 2353 284 2406 ma,
306 2333 454 2405 vinculis,
476 2334 605 2409 rapinis,
630 2335 919 2412 proscriptionibus,
935 2338 1096 2414 suppliciis
1115 2354 1165 2396 cun
1203 2346 1204 2351 ’

222 2429 255 2487 in
277 2424 450 2485 catholicos
472 2427 647 2500 universos,
670 2433 736 2487 tum
758 2433 924 2505 praecipue
945 2437 1059 2490 contra
1083 2446 1167 2490 sacer·
1202 2479 1203 2484 ,

218 2521 344 2580 'dotium
366 2519 519 2579 saevitum
543 2529 602 2580 est.
619 2522 697 2588 Quid
716 2524 796 2582 tumt
810 2524 889 2589 Quid
905 2525 1056 2601 proficere
1077 2529 1165 2584 contra

223 2610 396 2673 Ecclesiam
423 2612 550 2688 eiusque
579 2614 753 2674 doctrinam
780 2615 974 2674 acerbissimi
1002 2619 1106 2677 hostes
1129 2633 1166 2692 po

224 2706 328 2766 tuerel
344 2707 500 2772 Quantum
522 2708 614 2767 decus
635 2725 675 2765 ex
696 2711 747 2767 tot
767 2709 978 2769 confessorum
998 2707 1166 2771 constantial

224 2802 348 2866 Quanta
369 2799 425 2860 lux
446 2819 485 2859 ex
507 2804 557 2859 tot
577 2803 738 2860 doctorum
759 2802 915 2878 sapientia
935 2806 1069 2865 accessit
1082 2805 1166 2866 Eccle-

225 2895 310 2954 siael
335 2897 438 2955 Tanta
462 2894 629 2967 nimirum,
652 2899 770 2971 quanta
799 2913 963 2972 numquam
993 2897 1164 2962 accessisset,

224 2989 285 3047 nisi
313 2988 529 3048 contentiones
557 2988 632 3047 illue
654 2991 691 3047 ad
714 3006 780 3048 eam
803 2989 1028 3050 obscurandam
1057 2990 1165 3049 fuissent

225 3083 392 3142 excitatae.
406 3084 623 3158 ‹Pugnaruut
636 3085 747 3141 contra
757 3083 928 3144 Ecclesiam
941 3083 1090 3143 haeretici
1102 3082 1166 3160 (rer

225 3175 264 3232 ba
287 3173 416 3234 noscitis
437 3176 469 3233 S.
487 3174 688 3252 Augustini),
711 3180 745 3236 et
764 3176 934 3237 Ecclesiam
955 3175 1164 3254 quaestionibus

225 3269 442 3343 agitaverunt.
466 3271 510 3327 At
531 3276 642 3344 aperta
663 3275 737 3329 sunt
759 3288 837 3346 quae
858 3271 1017 3340 latebant,
1040 3275 1072 3328 et
1088 3265 1164 3326 iutel-
1203 3312 1204 3319 ,

225 3363 309 3422 lecta
330 3368 379 3423 est
400 3365 547 3425 voluntas
568 3365 635 3425 Dei.
655 3365 751 3425 Multi
772 3366 827 3443 qui
847 3370 995 3443 poteraut
1008 3366 1164 3442 Scripturas

225 3458 431 3535 dignoscere,
458 3464 491 3518 et
513 3464 729 3536 pertractare,
752 3461 896 3521 latebant
917 3463 949 3521 in
971 3462 1098 3539 populo,
1122 3472 1164 3515 occ
