2426 4192
496 292 893 380 APPENDIX

641 553 733 564 ———

671 803 703 858 Ι.

587 935 807 978 anruecrnmo

375 1091 591 1154 FRANOISGI
612 1092 799 1152 THERESE
820 1090 1023 1152 PANISSET

417 1211 562 1306 'lemme'
571 1247 727 1323 Episcopi
738 1249 776 1306 ic
784 1245 955 1338 Sabaudia

421 1408 519 1457 lssssn
544 1408 590 1456 AD
616 1408 756 1456 smmi
782 1409 985 1458 PONTIFIffl

387 1577 390 1584 ·
507 1563 720 1644 PIUM
773 1523 889 1641 mse>

276 1767 391 1845 Aliquo
420 1767 532 1828 abhinc
560 1770 702 1843 tempore
722 1767 871 1826 recedens
891 1785 910 1827 a
930 1768 1044 1841 terra,
1069 1768 1103 1827 in
1121 1784 1171 1844 qua

218 1863 349 1940 spiritus
369 1859 524 1922 mendacii
539 1879 611 1920 suas
625 1861 743 1919 circum
757 1878 806 1919 me
821 1860 1010 1937 praestigias
1024 1878 1168 1922 renovare

219 1974 278 2016 non
300 1954 473 2027 desinebat,
495 1954 526 2012 in
550 1971 610 2030 qua
624 1952 686 2012 iam
702 1953 831 2014 timores
844 1955 876 2012 et
890 1971 972 2030 spes,
987 1954 1052 2014 iam
1068 1955 1171 2032 passio·

196 2089 200 2096 -
221 2069 273 2110 nes
293 2053 327 2108 at
347 2066 506 2109 remorsus
518 2064 575 2123 per
588 2046 674 2106 vices
689 2048 858 2124 premendo
874 2047 1028 2124 agitatam
1044 2050 1171 2110 animam

219 2160 330 2214 meam,
347 2159 384 2200 ne
399 2141 432 2200 in
448 2159 480 2199 se
501 2139 635 2213 rediret,
657 2139 879 2216 impediebant,
896 2141 1023 2200 tandem
1037 2142 1076 2201 in
1091 2142 1172 2201 mala·

219 2235 266 2295 tia
280 2230 352 2316 (sic)
368 2251 503 2294 secessus
518 2236 551 2292 et
571 2233 747 2309 passionum
763 2233 889 2294 silentio
903 2235 1031 2296 adventi
1043 2235 1171 2295 animun

219 2330 257 2389 ad
274 2327 391 2386 infelix
413 2325 563 2398 stadium,
585 2327 664 2401 quod
687 2325 841 2402 percurri.
864 2327 1031 2394 Quaelibet
1052 2327 1171 2388 reflexio

217 2419 309 2480 auxit
322 2436 421 2477 meam
436 2418 660 2491 confusionem,
676 2421 710 2477 et
725 2418 820 2479 scisso
836 2422 940 2491 denso,
956 2420 1038 2496 quod
1057 2420 1172 2480 meimet

219 2512 431 2589 cognitionem
446 2511 525 2571 mihi
539 2511 713 2586 occulebat,
729 2511 896 2585 velamine,
909 2514 1044 2575 vulnera
1060 2515 1171 2576 anino

220 2623 306 2668 meae
327 2608 361 2666 ct
380 2603 589 2666 conscientiae
611 2608 706 2666 chaos
726 2607 896 2668 revelavit.
916 2608 964 2668 Ad
985 2609 1075 2668 hunc
1095 2610 1171 2668 obtu-

220 2704 288 2761 tum
309 2687 427 2777 pudore
447 2701 612 2776 correptus
635 2701 800 2774 tentabar,
816 2705 852 2760 ut
866 2701 1037 2780 importuni
1053 2699 1169 2764 luminis

219 2793 324 2856 radios
344 2795 532 2871 effugerem
548 2810 643 2869 paene
657 2811 706 2853 me
721 2795 874 2870 temporis
892 2811 1033 2854 mearum
1047 2797 1171 2856 fluctue-

108 2917 110 2922 ·
221 2889 342 2950 tionum
364 2889 555 2967 poenitebat.
576 2887 637 2948 Sed
658 2891 739 2949 Deus
761 2889 1045 2950 misericordiarum
1071 2892 1114 2951 sit
1132 2890 1172 2948 be·

220 2983 362 3044 nedictus
383 2982 415 3042 in
436 2983 618 3042 aeternum!
641 2980 772 3040 Bonitas
787 2981 854 3042 eiua
874 2983 1072 3044 sustentavit
1086 2997 1169 3042 mean

220 3075 452 3148 infirmitatem,
461 3072 567 3151 gratia
576 3072 643 3133 eius
654 3072 734 3132 vicit
746 3078 973 3152 repugnantem
986 3077 1169 3136 voluntatem

221 3187 340 3243 meam,
369 3173 403 3230 et
426 3169 496 3228 luce
525 3186 581 3228 sua
602 3168 764 3228 recondita
784 3170 889 3229 cordis
909 3169 970 3230 mei
991 3170 1169 3231 collustrans

222 3262 349 3323 edocuit
362 3281 423 3335 me,
438 3280 530 3339 quam
544 3261 653 3338 procul
668 3279 717 3321 me
731 3261 876 3339 superbia
889 3262 922 3322 in
937 3263 1064 3323 devium
1079 3264 1170 3324 abste·

286 3463 322 3520 a>
337 3463 395 3514 vlu.
413 3464 531 3525 auperlnm
546 3465 602 3515 NN.
614 3465 715 3523 XXXV,
733 3466 759 3513 et
773 3466 885 3514 mlx.
894 3478 978 3538 pagg.
990 3467 1045 3516 117.
1058 3467 1113 3516 188.
