2424 4196
26 317 119 377 aiones
137 318 289 395 excipere
310 318 440 380 valeant
454 320 593 396 praefixo
609 324 761 394 tempora,
777 317 887 380 fideles
911 317 992 378 utri·

31 429 113 488 nsque
136 431 235 472 sexus
256 412 393 474 eiusdem
409 415 499 494 regni
523 411 737 490 indulgentias
758 413 907 489 consequi
928 429 998 490 pos-

29 505 83 564 sint
104 510 177 566 tum
198 507 366 568 abendam
397 507 574 569 Sanctitate
596 509 678 579 Sua,
706 509 775 564 tum
797 523 817 566 a
844 506 997 568 Romanis

29 599 229 660 Pontificibus
251 602 542 678 praedecessoribus
562 616 741 670 concessas,
766 598 997 662 Sacramentali

27 693 223 756 confessione
250 713 307 754 nou
334 697 526 772 praemissa,
549 698 639 756 modo
662 700 767 756 aotum
796 695 997 756 contritionis

24 786 176 861 eliciant,
202 805 273 848 cum
294 789 455 867 proposito
476 789 646 852 ooollteodi
673 791 903 869 quamprimum
925 789 996 850 llari

26 882 153 956 poterit.

79 977 166 1036 Item
187 977 294 1037 endem
315 977 476 1038 Sanctitas
497 979 560 1037 Sua
574 977 707 1056 benigne
729 978 890 1057 indulget,
907 983 944 1039 ut
957 977 998 1037 ii-

25 1069 88 1126 dem
113 1069 227 1130 ddeles
244 1073 374 1147 propter
401 1070 611 1132 deficientiam
633 1072 864 1146 Ecclesium,
891 1072 997 1132 indul-

26 1164 148 1240 gentius
171 1165 320 1241 consequi
341 1165 481 1238 valeant,
498 1183 604 1242 preces
617 1185 636 1226 a
651 1167 827 1228 Sanctitate
846 1169 922 1238 Sua,
938 1168 996 1226 out

25 1273 42 1316 a
60 1259 355 1334 praedecessoribus
375 1258 440 1318 suis
463 1260 674 1337 praescriptas
695 1261 868 1322 recitantes
890 1262 996 1338 priva·

27 1350 117 1410 tinio
142 1351 287 1412 domibus
307 1353 346 1412 sd
368 1352 472 1412 instar
493 1354 712 1414 oratoriorum
733 1356 881 1418 decenter
902 1357 996 1414 reda-

25 1445 93 1518 ctis,
108 1445 145 1504 in
168 1445 280 1522 quibus
301 1444 449 1506 catholici
470 1451 628 1523 coguntur
649 1465 738 1508 soora
758 1448 873 1509 iacere.

78 1613 130 1672 Ex
146 1610 275 1670 aedibus
286 1608 507 1670 Vaticanisdie
517 1611 531 1672 I
542 1609 663 1686 Aprilis
675 1629 756 1671 enno
773 1612 991 1676 mncoxclv.

459 1731 498 1792 F.
513 1732 554 1790 X.
571 1731 691 1792 GARD.
708 1733 759 1792 DE}
780 1733 953 1792 ZELADA.

457 1913 602 1972 mv.

190 2033 404 2078 ornnorrssnuo
417 2033 452 2076 m
465 2033 596 2078 ouunsro
611 2033 694 2078 rinno
706 2033 831 2078 troarno

307 2159 471 2220 GAROLO
493 2157 713 2219 THEODORO

29 2319 111 2382 Duri
122 2319 302 2392 Banorice,
319 2329 350 2380 et
360 2318 568 2380 Solrbaoensi
579 2315 699 2378 Comini
712 2320 871 2380 Palatino
885 2318 995 2379 Rheni

276 2413 310 2474 S.
326 2414 367 2474 R.
383 2413 412 2473 I.
430 2415 585 2489 Principii
602 2411 749 2472 dilectori

217 2575 416 2656 PIUS
470 2573 691 2653 PAPA
744 2573 811 2652 VI.

70 2765 305 2826 Dilectissimo
326 2765 364 2822 in
385 2741 523 2822 cbristo
544 2763 615 2820 Fili
634 2765 781 2828 Noster,
797 2763 949 2820 Salutem

208 2863 244 2917 et
263 2859 501 2928 apostoticam
521 2857 819 2916 Benedlotlonsm.

88 3039 179 3101 Nihil
204 3055 318 3097 novum
331 3035 429 3098 Nobis
445 3037 741 3111 inexpectatumqne
756 3033 793 3092 de
809 3034 853 3090 Te
869 3029 999 3091 nuncia·

36 3136 98 3192 tum
119 3137 181 3203 est,
204 3129 408 3191 dilectissime
430 3130 462 3188 iu
485 3129 613 3190 Christo
635 3127 701 3187 Fili
714 3127 843 3197 Noster,
859 3142 929 3183 cum
951 3122 999 3182 in·

36 3227 248 3302 telligeremus
268 3227 460 3302 quantopere
482 3221 632 3282 misertus
655 3222 697 3280 sis
719 3237 826 3279 eorum
845 3216 999 3280 Ecclesia·

38 3319 202 3393 stioorum,
231 3319 285 3396 qui
313 3336 353 3378 ex
381 3317 487 3378 Gellia
508 3316 547 3375 ob
568 3314 766 3392 Religionem
795 3317 940 3373 extorres
965 3311 998 3372 in

39 3415 131 3474 'luem
143 3415 301 3475 Ditionem
313 3411 510 3488 confugiunt,
528 3409 579 3469 ubi
592 3414 736 3486 apertum
749 3407 917 3468 inveniunt
927 3425 999 3486 esy-

41 3504 117 3582 lnm3
142 3509 223 3570 satis
250 3506 335 3568 enim
362 3505 461 3568 Nobis
482 3509 663 3582 perspectus
684 3506 735 3562 est
755 3521 774 3562 a
794 3501 896 3564 multo
918 3505 1001 3562 tem·
