2430 4202
655 247 835 308 —270-

265 353 401 427 buimus,
424 354 588 412 immanem
609 371 628 411 a
649 370 802 412 novarum
824 352 929 430 legum
951 354 1121 413 auctoribus
1138 355 1191 412 Phi·

266 446 404 522 losophis
424 448 574 506 adversus
589 447 690 505 lesum
705 445 867 506 Christum
888 446 1126 507 coniurationem
1144 466 1190 506 esse

266 540 453 600 conflatam?
474 542 537 606 Qui
558 557 625 598 nora
647 547 709 610 est,
734 538 849 615 inquit,
878 557 1020 612 mecam,
1040 550 1143 602 eontra
1158 557 1191 598 ne

266 641 322 704 est,
349 641 379 694 et
401 635 460 710 qui
481 651 549 692 noa
570 635 696 710 colligit
720 648 864 704 mecum,
892 635 1051 712 dispergit
1068 632 1120 713 (1).
1139 633 1192 700 Quis

265 744 347 785 nuno
368 725 445 784 mihi
467 725 563 800 dieat,
585 729 618 786 et
638 725 795 802 probabili
809 730 941 802 quadam
957 727 1080 787 ratione
1093 745 1192 804 persua-

265 837 373 879 surum
396 837 462 878 esse
485 822 613 896 speret,
635 819 840 895 Philosophus
860 823 916 879 aut
938 819 1192 899 depellendabhri-

265 915 369 973 stiana
390 914 554 990 Religione
575 935 594 976 a
615 915 787 992 Republica
807 918 841 973 et
860 914 997 991 Legibus
1015 934 1084 974 oum
1097 915 1191 975 Christo

265 1007 387 1080 fuisse,
411 1011 468 1068 aut
495 1007 657 1068 eliciendis
681 1009 817 1085 undique
837 1008 1109 1086 dispergendisque
1126 1008 1191 1068 chri-

265 1099 377 1161 stianis
397 1119 466 1160 oum
488 1101 614 1163 Ohristo
631 1101 816 1179 collegisset
829 1102 914 1167 Quae
937 1101 964 1159 si
985 1105 1063 1161 adeo
1075 1103 1189 1170 etvasta,

251 1199 297 1253 ·et
317 1194 491 1269 incondita,
514 1199 547 1256 et
567 1195 702 1256 ridiaula
724 1198 809 1267 sunt,
825 1198 861 1254 ut
876 1197 997 1255 homini
1010 1197 1065 1273 qui
1079 1196 1121 1256 sui
1133 1212 1190 1254 oon·

264 1305 320 1365 pos
340 1287 382 1346 sit
403 1289 513 1348 venire
534 1289 654 1366 possint
681 1290 714 1348 in
735 1293 872 1348 mentem
896 1289 1040 1363 nemini;
1068 1289 1190 1350 fateamur

263 1383 410 1457 oportet,
433 1399 470 1440 ea
489 1399 567 1458 quae
595 1381 776 1458 Philosophi
805 1381 909 1441 lacere
930 1380 962 1438 in
986 1381 1111 1459 negotio
1129 1379 1189 1440 Reli-

264 1473 366 1552 gionis
387 1475 528 1550 aggressi
550 1479 635 1549 sunt,
659 1475 729 1534 odio
751 1473 927 1550 Religionis
948 1473 1047 1534 fuisse
1069 1477 1188 1548 suscepta

262 1584 379 1642 vosque
401 1567 493 1644 ipsos,
514 1568 765 1628 Eminentissimi
785 1570 922 1639 Patres,
951 1585 1086 1643 quorum
1105 1567 1191 1644 pleris-

262 1679 321 1737 que
343 1660 485 1720 0mnibus
504 1662 730 1738 Angustissimi
752 1665 785 1721 et
805 1660 1070 1721 christianissimi
1083 1659 1190 1724 Caesaris

262 1753 359 1813 nullis
381 1772 525 1830 umquam
548 1754 682 1814 saeculis
702 1754 741 1813 ab
767 1753 924 1812 hominum
947 1756 1152 1816 recordatione
1167 1768 1189 1810 ur

261 1847 406 1908 laudibus
427 1846 575 1906 habitura
596 1847 697 1923 pietas
719 1847 778 1904 hoo
799 1846 922 1922 asylum
948 1849 1097 1922 aperuit,
1121 1849 1189 1905 buca

260 1938 460 2015 Philosophis
480 1938 551 1996 odio
572 1937 753 2015 Religionis
766 1937 861 1996 fuisse
877 1941 1064 2014 compulsos.
1081 1943 1121 2000 At
1132 1937 1189 1997 enin

260 2033 319 2092 hoo
333 2033 404 2092 'erit
425 2032 463 2091 de
484 2032 572 2114 robis
594 2032 741 2108 nobisque
756 2031 918 2091 verissime
940 2033 1143 2104 iudicandum,
1155 2028 1189 2105 qui

260 2127 399 2186 hostium
421 2144 530 2186 manus
551 2126 729 2198 evasimus3
752 2126 789 2184 de
817 2125 874 2184 Pio
895 2125 993 2185 Sexto
1016 2126 1190 2187 dubitandum

260 2221 346 2294 erit,
372 2220 424 2298 qui
446 2223 608 2298 postquam
631 2237 650 2278 a
671 2219 750 2278 Sede
772 2237 828 2278 sna
850 2220 1024 2293 detrusus,
1049 2222 1189 2284 detractus,

259 2313 463 2392 divulsusque
485 2317 550 2387 est,
574 2312 662 2372 nullo
684 2327 743 2370 non
767 2315 908 2387 tempore
928 2313 1061 2373 illorum
1076 2319 1107 2374 et
1119 2307 1190 2372 furori

258 2407 385 2486 patuit,
407 2409 441 2466 et
466 2409 592 2468 tandem
620 2403 745 2465 immori
766 2403 956 2465 erudelitate
984 2406 1116 2466 debuitl
1132 2406 1190 2470 Quae

259 2504 383 2562 demum
403 2498 478 2574 erit,
502 2498 564 2560 nisi
586 2499 662 2558 haee
685 2500 745 2570 est,
765 2514 884 2580 summa
898 2501 932 2556 et
945 2499 1073 2558 homine
1094 2497 1191 2558 minine

259 2594 354 2670 digna
373 2594 405 2653 in
425 2593 590 2653 iudicando
613 2590 822 2669 perversitas,
845 2593 878 2650 et
898 2583 1089 2652 temeritas?
1108 2593 1191 2658 Quen·

259 2687 378 2758 obrem,
401 2687 480 2762 quod
503 2690 552 2746 est
573 2685 606 2743 in
629 2684 740 2761 primis
760 2684 968 2744 necessarium
993 2687 1032 2744 ut
1055 2695 1189 2745 essemar·

258 2777 380 2857 tyrium
402 2779 511 2855 possit,
535 2779 639 2838 odium
662 2775 858 2852 Religionis,
874 2777 931 2834 hoo
944 2780 1070 2836 eertum
1092 2777 1189 2835 itaessr

257 2876 351 2949 atque
372 2873 411 2931 ab
429 2870 513 2930 omni
532 2870 730 2931 dubitatione
756 2873 910 2928 remotum
932 2869 1043 2942 debet,
1069 2870 1102 2927 io
1125 2865 1189 2925 Pim

257 2967 389 3028 Sextum
410 2965 601 3044 explicatum
616 2981 705 3022 omne
720 2961 828 3036 fuisse,
845 2966 882 3022 ut
895 2964 990 3033 antea
1005 2962 1142 3022 dubitare
1153 2959 1189 3016 da·

256 3058 410 3133 beamus,
432 3058 569 3118 fueritne
596 3072 740 3134 umquam
763 3055 839 3114 Pius
864 3055 1003 3140 Sextus,
1031 3072 1118 3132 quam
1136 3062 1188 3108 eane

255 3172 333 3231 quae
348 3154 431 3214 farre
447 3157 480 3214 et
493 3153 630 3226 tolerare
645 3151 722 3211 Pius
730 3151 845 3210 Sextus
860 3147 983 3222 debuit,
995 3148 1064 3208 odio
1076 3142 1189 3220 Religio

256 3245 306 3305 nis
320 3247 352 3305 in
366 3246 457 3306 illum
472 3244 593 3304 fuerint
607 3243 766 3320 expedita.
1053 3233 1056 3238 ’

316 3342 381 3399 lam
403 3340 596 3416 Martyrium
618 3337 690 3414 quid
713 3335 841 3413 proprie
863 3333 1022 3407 dieamus,
1044 3333 1103 3392 etsi
1123 3341 1188 3387 nem

255 3435 305 3491 ast
331 3433 385 3508 qui
413 3433 549 3506 neseiat,
573 3431 737 3491 dicendum
763 3431 812 3488 est
834 3432 939 3488 tamen
961 3427 1045 3489 beati
1065 3414 1187 3502 cypriani

318 3543 355 3598 (1)
372 3547 434 3592 Lus.
447 3545 486 3591 18.
497 3544 535 3592 28.
