2522 4200
50 329 132 390 locis
154 327 291 389 dominio
313 329 399 407 regis
413 328 667 390 christianissimi
683 347 743 389 non
760 326 921 403 subiectis,
937 331 1027 392 modo

51 420 215 500 delegatio
240 423 297 482 flat
318 421 350 481 in
372 440 468 483 unum
492 441 533 482 ex
556 423 753 484 confessariis
777 423 959 499 approbatis
984 423 1023 484 ab

52 514 225 578 Ordinario
240 516 313 576 loci.
330 518 355 576 Ι.
369 517 440 590 366,
453 517 524 577 367.
536 519 597 578 -In
613 519 730 578 statum
745 516 946 576 pontificium
968 519 1023 577 ad-

52 611 222 671 venientes
234 613 365 688 possunt
378 609 500 670 absolvi
515 610 554 670 ab
565 609 727 688 Episcopis
740 610 892 670 locorum.
903 612 943 671 Il.
953 611 984 685 5,
993 613 1027 681 6,

52 703 163 771 -Quid
185 703 224 762 ab
245 703 290 762 eis
312 705 388 763 tunc
407 703 452 762 ibi
473 703 625 781 exigitur.
640 704 784 765 Ibid.-A
805 705 956 765 Paroohis
976 705 1023 765 iu·

53 799 140 859 ratis
162 798 317 858 absolutio
339 801 374 857 et
393 799 579 872 communio,
598 798 761 875 nequidem
785 799 925 875 paschali
946 803 1025 860 tem·

30 910 134 970 ·pore
165 892 311 968 petenda.
328 893 367 952 11.
384 891 553 957 85.-Qnid
575 893 729 969 agendum
750 891 811 967 iis,
837 891 891 969 qui
915 910 1023 952 secun·

57 986 135 1046 dum
158 985 370 1045 iuramentum
390 983 574 1058 emiserunt,
589 1002 627 1044 ne
641 984 789 1062 pensione
803 990 960 1047 carerent.
973 987 1025 1047 97.

529 1178 557 1234 Ιι

121 1365 290 1429 Laicorum
300 1367 440 1441 potestas
451 1364 483 1424 iu
495 1363 712 1425 resEcclasiae
724 1363 964 1441 improbaturl.
972 1367 1024 1428 67.

119 1464 262 1523 Laurent
283 1459 583 1537 pseudo-Episcopus
603 1458 797 1518 Molinensis.
811 1458 1025 1521 1.151.-sius

59 1555 176 1616 electio
197 1553 286 1614 nulla
306 1555 339 1612 et
360 1552 553 1617 consecratio
579 1551 741 1630 sacrilega.
758 1554 784 1612 Ι.
801 1552 870 1613 156.
882 1555 957 1614 -Ab
979 1573 1029 1615 or·

59 1649 135 1710 dine
158 1646 325 1723 episcopali
347 1661 524 1723 suspensus.
541 1645 619 1706 Ibid.

120 1741 222 1817 Leges
234 1737 489 1798 ,fundamentales
506 1737 537 1796 in
557 1737 664 1798 Gallia
678 1756 738 1798 non
756 1738 854 1799 alium
867 1741 1030 1816 patieban-

61 1840 116 1895 tur
138 1852 245 1912 regem
260 1832 320 1892 nisi
332 1833 536 1894 'catholicum
546 1835 586 1893 ΙΙ.
596 1832 646 1893 33.
656 1833 797 1893 -ldcirco
811 1834 965 1894 Henricus
983 1836 1029 1895 IV

62 1934 137 1989 ante
159 1927 387 1988 abiuratiouem
410 1944 498 1986 suam
519 1927 647 1986 minime
667 1928 805 2004 agnitus.
821 1928 900 1987 Ibid.

123 2025 306 2087 Leodiensis
325 2025 469 2103 Episcopi
490 2030 653 2102 perspecta
674 2024 840 2084 fortitudo.
856 2025 896 2084 ΙΙ.
913 2025 963 2085 98.

98 2149 100 2153 v
122 2119 294 2180 Leonensis
306 2119 474 2196 Episcopus
488 2119 630 2198 (Ioannes
644 2118 857 2196 Franciscus);
873 2119 943 2178 laus
961 2120 1028 2179 eius

63 2214 227 2276 doctrinae
252 2216 285 2273 at
309 2214 512 2273 sacerdotalis
533 2213 740 2273 fortitudinis.
761 2215 786 2274 Ι.
805 2214 846 2274 29
870 2217 904 2273 et
928 2231 990 2292 seq.
1008 2245 1028 2260 -

16 2316 18 2326 ’
61 2311 220 2373 Leonensi
240 2309 393 2386 Episcopo
415 2308 551 2386 epistola
572 2311 781 2370 basaltes.

16 2411 20 2424 ’
126 2403 271 2463 Libertas
293 2423 312 2464 a
332 2405 489 2464 conventu
510 2403 663 2464 nationali
683 2403 1026 2464 iactata.1.16.-Iuri

16 2493 20 2529 l
63 2495 254 2556 contradicit
266 2497 437 2570 (tracteris,
457 2498 490 2556 et
510 2495 702 2556 necessariae
721 2496 869 2574 cuiusque
887 2498 1029 2573 paranti-

16 2585 22 2625 Ι
62 2590 120 2648 bus
142 2589 208 2649 suis
229 2588 415 2649 subiectioni
436 2589 474 2649 ab
495 2589 562 2666 ipso
582 2593 666 2650 ortu.
680 2592 705 2650 Ι.
719 2589 770 2650 71.
783 2585 963 2650 -S'ooictati
984 2591 1028 2650 oi-

16 2683 22 2708 *
65 2680 124 2742 vili
153 2683 351 2742 adversatur.
368 2683 393 2741 1.
410 2683 642 2743 72.·Renovat
664 2698 789 2744 errores
809 2683 1025 2757 Valdensinm,

66 2778 322 2855 Beguardorum‚
338 2773 474 2836 Wicleffi
485 2778 518 2836 et
530 2776 678 2837 Lutheri.
691 2776 769 2836 Ibid.
785 2808 802 2820 -
811 2778 846 2836 ln
859 2775 938 2836 illud
952 2777 1031 2835 reoi-

16 2874 23 2911 l·
66 2872 114 2932 dit
142 2888 212 2930 cum
240 2869 455 2947 aequalitat0‚
485 2873 521 2932 nt
541 2869 697 2930 catholica
716 2869 923 2930 subvertatur
949 2869 1027 2929 reli-

16 2979 22 3004 ³
66 2966 130 3043 gio.
147 2965 172 3024 1.
188 2965 238 3024 73.
262 2997 277 3010 -
295 2963 401 3025 Nullis
427 2980 491 3042 pro·
506 2981 588 3023 nuno
614 2963 721 3040 poenis
748 2961 902 3024 canonicis
930 2962 1029 3022 subii-

16 3047 21 3096 '·
66 3057 187 3131 ciendi,
209 3056 387 3117 iuramento
411 3052 571 3116 libertatis
592 3059 627 3116 et
646 3054 847 3133 aequalitatis
868 3055 1030 3116 obstricti.

16 3157 22 3176 ’·
67 3153 107 3212 ΙΙ.
118 3152 169 3212 87.
179 3151 347 3211 ·Monendi
358 3154 476 3226 tamen,
487 3156 524 3213 ut
537 3151 704 3211 consulant
717 3150 926 3210 conscientiae
941 3167 1029 3224 suae,

16 3247 20 3285 Ι
68 3263 162 3322 quum
184 3245 216 3304 in
240 3243 331 3304 dubio
353 3243 459 3304 iurare
480 3262 539 3306 non
561 3244 669 3304 liceat.
684 3243 764 3303 Ibid.

16 3333 20 3378 l
128 3338 334 3399 Libertatem
354 3339 456 3416 specie
478 3339 609 3398 nimium
630 3337 756 3414 delapsa
782 3335 909 3398 inerant
936 3339 1029 3414 atque

16 3445 19 3457 ·
69 3433 202 3493 remissa
226 3431 354 3492 vincula
382 3431 504 3492 unionis
531 3433 754 3509 Episcoporum
779 3448 848 3490 cum
874 3430 1031 3491 (lathedra

69 3525 106 3586 B.
123 3524 227 3598 Petri,
242 3542 303 3585 non
326 3525 392 3585 sine
413 3525 563 3586 bonorum
576 3511 902 3587 Praesulumdolore.
919 3527 945 3585 Ι.
957 3523 1030 3584 333.

168 3624 227 3678 Vol.
244 3627 289 3678 II.
909 3635 939 3681 21
