2424 4196
1058 139 1065 172 t

633 219 673 231 ..
692 188 736 247 9⁴2,
753 218 794 230 ..

226 294 265 354 de
285 294 418 370 Orgaui,
439 295 522 370 quod
543 295 607 353 iam
629 294 771 354 dirutum
792 295 876 366 erat,
898 293 1024 363 souitu,
1045 309 1080 350 ac
1107 289 1171 348 vocis

227 389 383 447 humanae
403 393 499 448 cautu
519 392 559 448 ad
580 391 626 448 Te
646 390 819 460 detulerat,
842 389 896 446 sed
918 388 983 459 hic,
1006 392 1041 446 ut
1056 385 1116 462 ipse
1130 403 1170 462 pro

228 483 299 540 Tua
318 483 488 556 prudentia
508 483 662 560 agnoscis,
685 501 746 541 uon
767 482 891 553 statim,
913 499 970 538 uec
991 481 1082 540 facile
1103 497 1172 556 praa·

227 578 340 635 amuda
366 579 417 635 est
435 577 513 636 fidas
537 579 714 637 huiusmodi
743 577 967 636 miraculorum
995 575 1170 644 rumoribus3

227 669 462 747 diligenterque
481 677 556 732 autc
577 675 615 732 de
636 673 775 731 veritate
796 671 1030 747 inquirendum,
1055 669 1172 727 iuterro-

228 764 384 840 gaudique
405 767 517 837 testes,
538 766 591 842 qui
614 765 834 835 interfuerint,
849 769 883 823 et
898 764 931 822 iu
946 781 1023 840 quos
1040 762 1171 821 unllam·

228 858 304 914 dere
329 858 475 934 exceptio
495 859 614 936 possit:
637 859 730 935 idque
752 864 785 918 te
805 858 963 917 facturum
992 857 1104 916 scribis
1122 872 1170 912 cuu

227 951 357 1010 dabitur
376 952 477 1028 copia,
499 972 535 1012 ac
555 953 653 1013 Nobis
677 953 898 1029 expositurum
918 951 986 1023 rei,
1007 951 1196 1044 qualisnam

228 1063 288 1121 que
308 1045 418 1119 fuerit,
441 1051 603 1107 eventum.

288 1139 367 1197 Dum
382 1139 438 1196 id
429 1156 529 1215 ipsum
551 1143 628 1200 aTe
642 1139 752 1198 audire
767 1143 996 1215 exspectamus
1012 1137 1135 1198 interim
1149 1134 1170 1192 iu

231 1247 374 1308 maguam
390 1235 505 1292 Tecum
519 1234 661 1292 vonimus
673 1233 886 1292 miserationis
905 1233 1040 1292 Divinae
1055 1213 1196 1290 fiducim¹
1195 1265 1196 1352 q

228 1324 308 1397 fore,
326 1331 362 1384 ut
375 1327 607 1404 quamprimum
623 1337 657 1385 et
673 1325 845 1396 muccosis,
861 1331 895 1384 et
909 1327 1112 1402 principatus
1125 1323 1196 1436 Sp

228 1516 264 1571 et
283 1464 458 1574 Potentatis
479 1515 580 1574 omnis
602 1516 758 1586 hostibu5‚
781 1517 968 1591 tandemque
984 1514 1047 1571 ab
1037 1530 1155 1572 ummeus
1146 1510 1172 1567 sis
1195 1497 1196 1546 ¹

227 1623 306 1683 quas
325 1607 462 1683 pertulit
483 1609 626 1684 publicae
642 1609 688 1667 rei
704 1607 877 1684 procellis
869 1627 902 1666 1u
917 1607 1089 1684 conspicua
1102 1591 1196 1682 ipsins¹

229 1701 285 1760 Dei
306 1719 375 1776 ope,
392 1703 516 1778 atque'
507 1721 539 1760 1u
563 1704 649 1762 Tuae
663 1702 875 1761 solicitudinis
889 1702 1085 1760 auctoritate
1099 1696 1173 1772 respi
1195 1681 1196 1732 ¹

229 1797 292 1854 ret.
322 1796 406 1854 Haec
435 1798 510 1854 vota
537 1796 656 1856 Nostra
684 1795 903 1870 coniungimus
923 1813 992 1852 cum
1015 1787 1196 1870 Apostolicr

227 1888 463 1961 Benedictiouc‚
486 1907 577 1965 quam
600 1891 685 1961 Tibi,
710 1891 787 1948 Ven.
810 1889 898 1946 Fr.
891 1907 922 1946 ιη
943 1889 1081 1948 Nostrae
1101 1887 1194 1945 etiam.

229 1983 399 2060 singularis
420 1985 666 2044 Benevolantiae
682 1987 796 2062 pignus
808 2001 849 2042 ex
863 1983 968 2042 auimo
982 2001 1018 2044 ac
1033 1995 1173 2060 peraman-

229 2076 309 2135 ter'
300 2080 417 2152 impert
419 2076 514 2135 imur.

288 2171 403 2228 Datum
420 2171 538 2229 Romae
552 2169 602 2227 die
616 2171 724 2230 XXXI
738 2169 815 2228 Maii
829 2171 1053 2232 Muccxclv.
1069 2166 1175 2230 Pontii·

229 2267 320 2324 catus
333 2261 443 2322 Nostri
467 2264 557 2322 Auno
577 2265 650 2323 XX.

640 2427 782 2482 xm.

323 2527 483 2588 SAORAE
504 2529 842 2590 CONGREGATIONI
855 2529 1105 2589 DEPUTATAE

444 2688 468 2732 Δ
485 2686 701 2734 sfflcrlssmro
718 2685 847 2734 DOMINO
864 2686 994 2734 dosuuo

538 2832 623 2910 ΡΙΟ
651 2833 790 2911 ΡΑΡΑ
817 2833 884 2913 VI.

282 3021 387 3098 Super
405 3022 547 3097 nepotiis
568 3019 805 3080 &eclesiasticis
825 3021 935 3096 Requi
958 3017 1141 3080 Galliarum

425 3121 658 3191 proponuntur
678 3116 849 3191 sequentia
877 3113 995 3173 Dubio.

296 3284 323 3343 l.
341 3245 527 3344 Sacerdotes
548 3301 626 3361 pure
647 3287 681 3344 et
706 3283 915 3361 simpliciter,
938 3282 969 3340 id
992 3287 1062 3356 est,
1084 3263 1196 3370 absque}

242 3377 309 3437 nlla
330 3375 548 3450 restrictione,
571 3379 690 3453 praesti
693 3382 802 3437 terunt
823 3377 1063 3436 Sacramentum
1083 3371 1196 3434 dietum

239 3469 386 3543 ciricum,
402 3470 593 3548 imperatum
608 3471 718 3548 vigore
732 3470 859 3532 Decrcti
879 3471 1018 3530 emanati
1034 3469 1083 3528 die
1093 3469 1131 3530 27
1141 3479 1181 3522 un·
