2430 4202
324 275 438 335 tribuit
452 273 648 336 facultatem.
665 278 709 336 De
723 277 988 338 ArchidIaconatu
1003 277 1033 336 in
1046 280 1104 339 Ar-

323 369 423 427 denna
444 371 589 440 vacante,
612 369 768 428 rationem
789 369 1012 447 postulationis
1037 373 1102 432 eins

322 462 463 522 habitum
486 462 528 521 iri
548 462 605 552 sub
627 462 804 522 conditione
826 463 1007 541 pollicetur.
1024 484 1100 544 pap.
1122 465 1174 527 203

132 567 133 570 ’
225 556 304 616 1799
326 556 364 615 16
384 555 524 616 Ianuarii
537 586 551 600 -
565 555 598 613 E
617 558 745 632 picato.
769 559 912 618 Octavlo
930 561 1106 630 Archiepi·

324 665 429 720 soopo
456 651 672 711 nazianzeno
702 649 814 709 Almae
846 650 941 712 Urbis
977 652 1106 713 Pro-Vi·

321 742 507 820 cesgerentI.
539 745 694 803 Admonet
708 761 769 802 non
784 760 874 819 posse
889 761 968 820 pure
983 763 1020 804 ac
1038 745 1106 805 sim·

319 837 448 914 pliciter
461 837 673 897 iuramentum
688 854 707 895 a
720 837 955 898 Constitutione
968 840 1106 899 Romana

321 930 551 1007 praescriptum
572 930 689 1002 emitti,
713 933 766 990 sed
788 933 957 993 dumtaxat
972 934 1031 993 sub
1046 933 1108 993 for·

322 1023 406 1082 mula
417 1041 509 1100 quam
517 1025 554 1083 de
562 1021 650 1083 'novo
663 1025 860 1084 transcribit.
871 1026 1033 1088 Hortatur
1044 1030 1108 1087 tan·

321 1115 390 1173 dem
411 1117 449 1174 ad
472 1114 657 1176 uniformem
678 1116 791 1193 agendi
819 1117 977 1178 rationem
1007 1120 1109 1180 obser-

320 1209 453 1268 vandam
497 1253 719 1270 .....
745 1232 748 1238 ·
765 1254 1047 1273 ......
1089 1213 1171 1274 »224

360 1304 508 1364 Eiusdem
528 1304 629 1364 latina
651 1306 756 1365 versio
767 1350 1048 1367 ......
1091 1306 1171 1368 »206

312 1399 361 1458 ’29
382 1397 522 1456 Ianuarii
536 1430 553 1443 -
567 1397 610 1456 In
632 1415 738 1458 mezzo
757 1402 821 1459 alla
834 1403 941 1460 molto.
966 1404 1107 1462 Octavio

213 1535 217 1544 .
324 1493 596 1564 archiepiscopo
626 1494 855 1554 Nazianneno.
895 1495 992 1554 Dolet
1027 1496 1106 1572 quod

322 1603 398 1661 pure
414 1586 518 1645 iamet
530 1585 717 1662 simpliciter
729 1585 985 1647 emissumfuerIt
999 1606 1019 1646 a
1030 1591 1107 1649 Pro·

321 1679 491 1739 sessoribus
508 1681 643 1758 eollegii
659 1680 790 1742 Romani
803 1684 836 1740 et
852 1680 1049 1757 Sapientiae
1064 1684 1109 1745 iu·

322 1775 499 1832 ramentum
519 1791 537 1831 a
551 1771 784 1833 Constitutione
796 1775 938 1833 Romana
952 1775 1107 1851 praescri·

319 1869 418 1941 ptum.
429 1867 507 1924 Eum
519 1865 735 1941 reprehendit,
744 1865 836 1942 quod,
848 1883 943 1942 quum
955 1871 1107 1944 approba·

322 1961 387 2018 tam
402 1977 420 2018 a
434 1959 586 2018 Pontifice
597 1957 763 2018 formulam
778 1960 1004 2036 proposuisset,
1018 1979 1107 2022 men-

322 2053 385 2111 tem
406 2051 510 2112 subito
532 2052 677 2112 mutarit.
697 2053 858 2129 Improbat
880 2053 1016 2114 alteram
1039 2056 1104 2116 eins

321 2143 577 2205 Instruciiohem:
590 2149 778 2222 argumenta
791 2162 869 2221 quae
884 2145 956 2205 huic
968 2148 1104 2224 patroci-

321 2239 393 2298 nari
413 2238 613 2310 vidcbantur,
630 2237 761 2298 refutat.
782 2241 869 2298 Hanc
894 2238 960 2299 eiua
982 2242 1105 2302 Instru-

283 2315 285 2322 ’
322 2331 458 2390 ctionem
471 2331 596 2390 omniuo
608 2332 815 2391 revocandam
832 2332 940 2393 edicit:
959 2335 994 2393 et
1016 2338 1105 2396 vetat

321 2424 489 2501 quidquam
511 2425 543 2483 in
565 2426 667 2486 lucem
687 2424 749 2498 edi,
766 2427 846 2502 quod
869 2427 1008 2487 traditae
1034 2447 1103 2489 ase

321 2517 480 2578 doctrinae
501 2521 687 2579 adversetur
710 2561 1044 2581 .......
1085 2520 1168 2582 »208

360 2611 507 2673 Eiusdem
529 2614 631 2675 latina
649 2614 754 2673 versio
818 2658 1044 2675 .....
1085 2615 1167 2676 »212

302 2750 309 2766 .
324 2751 331 2766 .
345 2751 352 2766 .
365 2706 506 2783 Epistola
519 2705 758 2784 Archiepiscopi
773 2705 855 2783 Tyri
868 2707 1004 2766 Sanctae
1015 2709 1103 2769 SedIs
1202 2747 1203 2768 t

320 2800 358 2859 ad
391 2801 529 2858 tractum
562 2799 687 2872 Rheni,
722 2801 906 2874 ceterasque
940 2797 1104 2861 Inferioris

320 2891 505 2953 Germaniae
527 2895 723 2968 partescum
746 2892 902 2967 potestate
930 2892 1047 2968 Legati
1068 2895 1102 2954 de
1202 2905 1203 2928 l

319 2986 422 3048 latere
441 2985 555 3047 Nuntii
571 2987 607 3046 ad
623 2984 851 3046 lexoviensem
865 2983 1055 3062 Episcopum
1069 2986 1105 3046 da

320 3078 442 3140 sancita
472 3097 491 3139 a
522 3077 678 3137 modernis
711 3077 832 3137 Galliae
854 3076 1104 3140 moderatoribus

320 3172 413 3249 Regii
435 3171 612 3249 Regiminis
634 3170 879 3232 exsecratione.
925 3215 932 3231 .
979 3214 987 3231 .
1035 3217 1043 3232 .
1085 3168 1166 3231 »216

259 3282 279 3325 »
319 3267 357 3326 31
369 3264 772 3343 Maii-EpistolaEpisoopi
783 3264 985 3325 leodicensis
996 3265 1037 3326 ad
1048 3269 1105 3327 Ar·

262 3365 272 3405 l
319 3358 547 3437 chiepiscopum
563 3359 655 3436 TyrI,
672 3359 710 3419 ad
729 3360 880 3418 Tractum
894 3358 998 3418 Rheni
1013 3359 1104 3422 Nun-

319 3451 402 3511 cium
414 3452 630 3530 Apostolicum
642 3456 679 3514 de
690 3452 853 3530 praedicto
862 3451 1043 3512 iuramento
1085 3447 1166 3514 »tlt
