2522 4200
44 345 108 407 iam
131 363 198 405 non
222 345 403 424 intelligat,
427 364 519 424 quam
540 348 656 422 laetus,
678 365 770 425 quam
792 348 902 424 mitis,
928 369 1019 428 quam

44 439 224 512 studiosus,
240 456 332 516 quam
353 440 385 499 iu
401 457 522 501 omnem
544 441 733 502 charitatem
748 441 862 503 effusus
876 461 1021 505 occurre-

42 549 76 592 re
99 532 257 593 Pontifici
278 551 333 594 suo
354 535 410 596 Dei
437 534 541 595 Filius
562 539 596 596 et
615 538 716 610 Deus,
736 541 770 596 et
797 537 946 597 Pontifex
967 537 1019 597 de-

42 625 172 686 buerit?
185 628 289 704 Atque
310 627 343 687 iu
364 628 465 705 primo
485 628 551 706 ipso
573 647 701 690 occursu
727 630 780 690 vel
802 629 942 690 homiues
956 629 1018 708 ipsi

40 737 150 795 quum*
160 723 287 797 optatos
302 721 355 782 dia
370 725 402 782 ct
416 722 620 783 amicissimos
641 723 795 798 videmus3
811 722 881 800 quis
902 723 1018 801 estqui

41 813 186 887 nesciat,
195 813 275 873 nihil
287 832 354 875 esse
367 816 528 894 antiquins
539 834 631 894 quam
647 816 743 877 alteri
756 818 892 878 alterum
904 817 934 876 id
948 834 1018 894 per-

41 907 183 967 mittere
195 907 329 968 maxime
341 909 419 985 quod
433 910 465 969 in
477 910 599 988 reliqua
613 913 684 972 tote
694 910 763 972 vita
775 910 968 971 carissimum
983 913 1017 970 et

42 1001 309 1061 iucundissimum
331 1002 442 1063 fueriti
461 1005 667 1072 Quamobrem
689 1022 782 1081 quum
804 1004 879 1064 Pius
900 1005 1015 1064 Sextus

42 1099 78 1155 et
109 1097 237 1154 ceteras
265 1093 403 1156 virtutes
431 1097 628 1158 sanctissime
657 1097 815 1170 coluerit,
837 1098 870 1156 et
890 1096 1016 1156 munii-

43 1186 186 1246 centiam
209 1186 368 1263 inprimis
388 1207 492 1250 caram
518 1191 644 1268 fereque
666 1189 827 1267 propriam
849 1189 1013 1261 habuerit3

43 1297 83 1339 an
110 1277 317 1340 dubitandum
338 1285 399 1355 est,
419 1283 493 1359 quin
514 1286 594 1344 Dens
616 1284 674 1342 hoc
696 1283 746 1343 illi
764 1281 875 1342 statim
898 1282 1016 1342 tribue-

44 1373 104 1444 rit,
122 1375 161 1432 ut
181 1389 273 1448 quam
293 1390 416 1451 opema
438 1375 581 1452 precibus
602 1377 770 1452 expectare
792 1376 860 1451 Ipse
888 1392 947 1433 non
963 1376 1016 1434 de·

44 1465 189 1538 buissel,
213 1481 280 1524 cam
302 1483 358 1527 sua
380 1466 447 1544 ipsa
467 1485 559 1528 manu
581 1467 613 1526 in
636 1467 709 1527 illos
730 1465 891 1527 conferret
911 1483 947 1526 ac
967 1467 1015 1526 el-

44 1558 209 1630 innderet,
225 1575 300 1634 quos
321 1557 354 1617 in
377 1560 561 1637 purgatorio
582 1560 650 1638 igni
669 1559 849 1620 carissimos
868 1559 1013 1633 haberet,

47 1654 83 1711 ut
105 1667 160 1709 eos
175 1667 279 1710 secum
300 1650 331 1709 in
353 1651 474 1711 caelum
489 1652 654 1713 eveheret?
667 1651 746 1719 Quid
768 1669 834 1711 esse
851 1654 908 1712 aut
923 1655 1012 1713 tento
1100 1665 1102 1671 ·

46 1746 122 1816 Deo,
138 1747 196 1802 aut
218 1745 307 1804 tanto
327 1744 481 1805 Pontidce
502 1745 627 1824 dignius
648 1744 769 1822 potnit?
782 1746 891 1822 ltaque
911 1745 1014 1808 laeta-

47 1853 118 1896 mur
144 1839 180 1895 et
200 1836 399 1912 gratulamur
419 1837 521 1911 vobis,
537 1837 786 1899 Eminentissimi
805 1839 930 1912 Patres,
945 1839 1011 1915 qni,

4 1971 6 1982 ,
46 1930 206 1990 celebrato
219 1928 340 2004 funere,
357 1931 474 1992 vestris
495 1931 571 2008 ipsis
584 1931 727 2009 precibus
745 1930 827 1990 nihil
840 1933 914 2003 Deo,
931 1929 1012 1990 nihil

47 2022 181 2084 Pareuti
204 2022 322 2100 optimo
342 2023 506 2084 iucundius
527 2025 632 2086 facere
653 2024 813 2102 potuistis.

106 2115 188 2184 Quid
211 2120 260 2177 est
287 2134 361 2195 ergo
393 2120 451 2180 hac
472 2121 539 2180 tota
566 2118 858 2180 commemoratione
884 2117 1011 2179 itineris

45 2213 252 2288 acerbissimi,
267 2217 347 2291 quod
368 2216 520 2277 eiusmodi
541 2217 597 2290 sit,
613 2221 650 2277 ut
670 2217 709 2278 ab
723 2235 759 2278 eo
782 2235 841 2276 non
858 2219 959 2291 extet,
974 2233 1010 2277 ac

45 2306 143 2366 etiam
165 2305 343 2368 nolentibus
357 2313 391 2369 et
412 2311 659 2389 repugnantibus
679 2329 747 2371 sese
761 2328 820 2370 non
841 2313 953 2388 sponte
967 2309 1011 2370 ol-

43 2399 129 2460 ferat
153 2400 349 2462 nobilissimi
380 2403 530 2481 martyrii
562 2404 612 2463 vis
640 2406 736 2480 alque
756 2406 891 2474 natura,
917 2419 1009 2480 qnam

43 2495 293 2573 quaerebamuai
310 2498 358 2556 Au
379 2499 417 2557 de
438 2498 641 2559 interimendi
659 2497 821 2558 Pontificis
843 2496 1009 2558 voluntate

43 2587 186 2648 dubitari
207 2587 339 2664 poterit,
354 2607 433 2666 quae
455 2608 514 2651 nou
536 2592 625 2652 modo
648 2609 682 2652 re
704 2591 875 2669 factisque,
897 2608 1009 2651 verum

42 2679 113 2757 ipso
142 2679 240 2742 etiam
261 2697 407 2758 expresso
433 2685 521 2744 vocis
546 2690 579 2746 et
606 2686 733 2745 minime
761 2685 854 2744 dubio
876 2701 949 2744 sono
970 2684 1008 2744 ab

42 2773 189 2834 hostibus
209 2774 367 2851 explicata
388 2777 450 2836 esti
463 2777 512 2836 Aa
535 2779 572 2836 de
594 2781 823 2837 tormentorum
839 2778 877 2836 ad
899 2776 1008 2835 interi-

43 2868 189 2928 mendum
213 2867 247 2927 vi
266 2870 359 2945 atque
380 2867 565 2941 acerbitate,
582 2885 659 2945 quae
681 2868 830 2928 nimirum
850 2871 941 2928 muta
960 2871 1009 2927 est

42 2963 164 3039 quauta
184 2960 366 3038 longissimo
387 2959 521 3035 itinere,
545 2964 691 3038 superato
709 2961 889 3037 Apennino,
911 2960 1008 3020 traie-

42 3053 104 3114 ctis
125 3052 269 3130 Alpibus,
286 3054 409 3114 bieunio
423 3055 488 3115 fere
508 3054 647 3133 integro,
663 3053 695 3113 in
717 3055 828 3114 Senem
843 3057 1009 3131 octogena·

41 3146 91 3206 rio
113 3145 278 3221 maiorem,
293 3150 393 3210 Roma
413 3148 592 3210 Valentiam
614 3165 709 3225 usqne
731 3146 870 3208 conferri
892 3147 930 3206 ab
951 3147 1010 3205 ho-

42 3239 145 3301 stibus
167 3239 400 3302 immanissimis
419 3240 537 3318 potniti
549 3241 598 3300 An
620 3241 658 3300 de
676 3239 839 3300 Pontificio
859 3238 1010 3301 alacrita-

43 3337 89 3407 te,
104 3333 270 3409 drmitate,
286 3335 477 3410 constantia,
490 3335 579 3395 ouius
600 3353 656 3394 nec
678 3333 832 3412 gemitus,
857 3349 912 3394 nec
934 3351 1008 3411 que·

43 3426 113 3488 rela
134 3427 200 3487 ullo
222 3445 365 3505 umquam
381 3431 520 3504 tempore
540 3427 651 3489 andita
671 3430 731 3502 est,
752 3427 857 3505 etqui
879 3445 1006 3505 prorsus

45 3523 82 3580 nt
101 3536 202 3597 agnus
222 3521 259 3581 ad
281 3523 414 3581 mortem
436 3519 622 3581 ducebatur?
635 3521 719 3588 Quae
740 3522 861 3597 quando
880 3526 913 3584 et
933 3541 1006 3600 per·
