2424 4196
592 222 751 281 ..84-

399 382 564 458 Responsa
583 381 665 440 data
685 381 940 458 quaestionibus.

249 520 378 584 accest.
393 519 421 577 l.
437 517 518 577 Num
535 515 679 575 fidelibus
694 513 910 574 liceatdiebus
924 513 1095 574 ferialibus
1109 533 1153 574 su·

188 612 308 673 orificio
323 610 542 672 Eucharistiae
554 610 701 668 assistere
716 607 907 668 celebratos
923 609 1085 678 Paroclio,
1102 613 1154 668 aut
1206 611 1208 652 ἰ

189 705 325 783 simplici
347 704 560 780 Presbytero,
576 703 628 780 qui
650 703 785 762 civicum
808 700 1023 762 iuramentum
1045 704 1155 763 emisa·

190 800 282 861 rintl

251 891 526 957 canescellum
549 889 694 948 fidelibus
715 889 812 949 liceat
832 888 1003 950 Dominicis
1024 889 1156 967 aliisquo
1203 909 1204 915 ¹

190 987 294 1048 Fastis
316 987 353 1044 de
375 987 542 1062 praecepto
564 984 672 1042 diebus
693 983 912 1044 Eucharistiae
933 983 1099 1042 Sacrificio
1113 1001 1155 1043 as·

191 1082 303 1142 sistere
325 1099 343 1139 a
365 1078 624 1156 praememoratis
646 1077 870 1138 Sacerdotibus
891 1078 1081 1137 celebratol

252 1174 380 1239 quaest.
402 1173 432 1230 3.
455 1171 537 1231 Num
560 1170 705 1230 fidelibus
726 1170 823 1229 liccat
844 1171 992 1230 assistere
1015 1169 1155 1246 vesperis

191 1286 268 1346 quac
290 1266 503 1336 celebrantur,
519 1263 652 1340 aliisque
673 1263 807 1340 publicis
829 1263 992 1340 precibus,
1008 1283 1092 1340 quaa
1114 1281 1157 1323 re·

191 1360 333 1421 citantur
347 1358 404 1418 sub
418 1357 589 1417 directione
606 1357 751 1430 Parocbi,
766 1362 823 1418 ant
838 1358 1022 1435 Presbyteri
1040 1357 1156 1418 iuratil

251 1455 345 1529 Resp.
360 1453 430 1513 Non
452 1451 550 1512 licere
573 1451 735 1524 fidelibus,
752 1451 819 1511 sive
841 1451 950 1510 diebus
971 1450 1155 1523 ferialibus,

192 1551 258 1612 sive
281 1549 471 1619 Dominicis,
498 1549 630 1625 aliisque
651 1549 741 1607 festis
762 1549 800 1606 de
828 1551 997 1624 praecepto
1025 1545 1156 1619 diebus,

192 1646 304 1705 missae
322 1643 468 1704 assistere
485 1642 663 1702 celebratae
675 1662 693 1702 a
707 1641 847 1702 Parocho
867 1639 918 1699 vel
932 1638 1072 1714 simplici
1087 1642 1160 1700 Pre-

191 1741 341 1818 sbytero,
361 1738 417 1814 qui
438 1737 573 1797 civicum
603 1737 816 1797 iuramentum
848 1734 1037 1808 emiserint3
1061 1753 1159 1812 neque

191 1834 307 1893 eisdem
330 1832 475 1892 fidelibus
500 1831 595 1891 licere
617 1832 776 1909 vesperis,
800 1830 992 1906 publicisque
1015 1829 1161 1906 precibus

192 1927 352 2000 assistere,
367 1926 479 2002 quibus
499 1928 673 1999 Parochas,
689 1927 740 1985 vel
763 1925 898 2003 simplex
913 1926 1092 2002 Presbyter
1115 1926 1161 1984 iu·

192 2028 282 2083 ratus
304 2025 438 2098 praeest.
455 2021 530 2079 Cum
546 2021 629 2078 enim
652 2021 755 2080 vetita
768 2035 916 2095 expresse
929 2017 1029 2078 suerit
1051 2038 1071 2077 a
1084 2021 1163 2079 San·
1206 2035 1207 2048 ¹

193 2116 331 2178 ctissimo
359 2113 490 2174 Domino
522 2115 639 2173 Nostro
661 2131 717 2191 per
743 2113 886 2174 Litteras
909 2112 1102 2189 apostolicas
1131 2114 1162 2172 in
1205 2111 1206 2117 ’

193 2210 296 2269 forma
316 2205 429 2266 Brevis
450 2204 513 2263 diei
537 2206 575 2266 19
601 2206 711 2266 martii
739 2207 911 2282 superioris
932 2206 1007 2266 anni
1029 2207 1162 2282 quaevis

194 2300 436 2364 communicatio
454 2303 649 2376 pracsertim
664 2304 700 2362 in
722 2303 848 2361 divinis
868 2319 940 2362 cnm
962 2302 1117 2374 intrusis,
1135 2311 1163 2362 et

193 2397 404 2474 refractariis
423 2412 624 2472 quocumque
643 2399 775 2455 nominc
797 2398 1014 2470 appellentur,
1030 2395 1163 2456 evidens

195 2490 332 2570 profecto
353 2492 403 2550 est
430 2490 562 2548 vetitam
586 2509 622 2550 eo
641 2490 707 2566 ipso
729 2489 825 2548 fuisse
847 2489 1162 2549 communicationem

193 2587 224 2646 iu
247 2582 364 2643 divinis
394 2600 463 2642 cum
487 2583 654 2655 Parochis,
677 2582 930 2660 simplicibusque
956 2583 1163 2660 Presbyteris

122 2666 130 2675 '
193 2677 321 2748 iuratis,
336 2693 411 2752 quos
432 2675 692 2736 refractariorum
708 2678 833 2736 nomine
848 2675 957 2735 venire
973 2693 1066 2734 nemo
1088 2695 1163 2754 pru·

194 2772 270 2830 dens
283 2770 433 2846 ambigat.
448 2771 510 2828 lam
528 2787 604 2827 vero
619 2768 644 2827 si
661 2769 769 2828 fidelos
784 2768 972 2830 assisterent
984 2768 1100 2829 missae
1116 2787 1165 2830 sa-

193 2863 313 2924 crificio
334 2864 524 2922 celebratae
544 2861 748 2939 Presbyteris
768 2864 895 2935 iuratis,
911 2861 980 2920 sive
994 2861 1163 2922 ferialibus

194 2958 314 3030 diebus,
330 2957 397 3016 sive
418 2957 526 3015 diebus
540 2955 631 3014 lestis
645 2957 683 3014 de
705 2963 891 3032 praecepto,
908 2959 965 3014 aut
984 2954 1011 3012 si
1033 2953 1165 3016 assiste-

193 3057 266 3111 rent
287 3051 445 3128 vesperis,
468 3049 603 3124 aliisque
630 3049 765 3125 publicis
792 3049 953 3124 precibus,
976 3066 1057 3124 quae
1079 3049 1165 3107 rcci-

194 3151 304 3208 tantur
325 3146 381 3204 sub
397 3145 570 3204 directione
592 3144 740 3216 Perochi,
755 3148 811 3202 aut
832 3143 1017 3220 Presbyteri
1037 3143 1163 3216 iurati,

193 3257 262 3299 cum
284 3239 359 3316 ipsis
382 3237 521 3315 profecto
541 3236 572 3295 in
588 3237 706 3296 divinis
728 3238 1007 3296 communicarent.
1029 3239 1079 3297 Ex
1100 3257 1165 3314 quo

193 3333 274 3392 illud
296 3332 508 3408 consequitur,
524 3331 682 3392 abstinere
700 3331 808 3390 fideles
824 3331 937 3390 debere
958 3331 996 3390 ab
1012 3331 1166 3392 assisten-

193 3424 233 3483 do
256 3427 322 3483 tum
345 3425 455 3484 diebus
475 3423 656 3497 ferialibus,
680 3428 747 3484 tum
769 3424 877 3484 diebus
897 3423 988 3483 lestis
1009 3426 1047 3483 de
1068 3441 1165 3500 prac-

194 3521 298 3596 cepto,
315 3517 425 3579 missae
446 3519 602 3579 sacrificio
627 3517 787 3580 celebrato
809 3535 828 3576 a
846 3517 1014 3592 Perochis,
1030 3521 1065 3577 et
1083 3517 1168 3577 sim-
