2424 4196
388 231 566 292 -155-

24 339 104 398 satira
125 339 195 398 istic
215 339 274 400 loci
295 344 399 410 erant,
422 339 455 398 vi
470 337 636 399 memorati
656 337 768 399 Nostri
788 339 901 398 Brevis
927 339 960 398 in

24 449 52 489 eo
69 433 239 505 convenire,
263 437 298 493 ut
317 432 456 494 validam
477 433 651 492 habendam
673 435 787 508 putent
807 430 964 491 Brindelii

24 526 285 600 consecrationem,
310 528 482 602 propterea
509 527 590 602 quod
603 567 611 597 ‚
624 530 672 584 ut
693 524 725 584 in
746 525 869 585 litteris
898 523 963 585 tuis

25 618 152 695 scriptum
174 620 235 692 est,
256 619 436 681 ‹Gobelius
458 618 579 695 publice
600 620 635 678 et
655 617 869 695 spectantibus
896 617 964 694 plu-

24 713 122 773 ›ribus
135 713 308 774 inviolatae
323 715 424 773 adhuc
444 712 516 772 fidei
538 714 605 771 tum
627 711 752 771 clericis
774 716 840 772 tum
862 710 962 780 laicis,

21 805 298 866 »consecrationem
312 804 469 867 Brindelii
493 804 666 882 peregerit,
682 805 836 864 neminem
858 807 964 864 autem

22 915 157 972 reorum,
184 902 337 976 quotquot
358 902 539 976 praesentes
560 905 667 970 erant,
694 897 889 970 advertisse,
911 896 965 956 rel

21 992 180 1050 »omissum
202 1011 221 1051 a
242 992 372 1052 Gobelio
388 1009 468 1063 esse,
486 991 536 1050 vel
557 1008 720 1068 perperam
734 992 889 1063 additum,
904 1007 965 1065 quo

21 1085 170 1144 »essentia
194 1085 439 1146 consecrationis
467 1084 690 1145 laederetur.»
711 1083 792 1150 Quin
815 1084 911 1143 etiam
933 1082 965 1140 in

21 1179 128 1236 undam
142 1196 212 1238 cum
228 1178 372 1254 parochis
387 1177 576 1237 sententiam
591 1177 706 1236 eisdem
722 1175 875 1236 decausis
894 1192 967 1234 oon·

22 1271 129 1330 cessisse
150 1272 417 1349 spectatissimum
440 1271 539 1348 ipsum
561 1269 825 1346 Argentinensem
841 1268 965 1345 Episco-

21 1379 79 1438 pum
97 1364 244 1426 dilectum
266 1364 367 1424 filium
381 1366 532 1425 Nostrum
547 1363 580 1421 S.
597 1365 637 1423 R.
653 1364 690 1422 E.
708 1361 906 1422 Cardinalem
928 1363 965 1420 de

22 1457 124 1518 Rohan.
135 1460 245 1535 Neque
260 1459 383 1517 demum
399 1461 485 1516 tuam
502 1455 635 1516 defuisse
648 1472 755 1514 curam
777 1459 811 1514 et
833 1454 967 1531 diligen·

21 1548 81 1608 tiam
101 1552 130 1610 in
151 1552 341 1612 sciscitando
367 1551 406 1612 ab
429 1551 564 1627 ipsomet
584 1549 704 1611 Aloisio
725 1548 881 1620 Lindero,
904 1565 965 1623 quo

22 1639 65 1699 ille
83 1643 144 1703 ritu
165 1644 268 1704 fuerit
289 1663 308 1704 a
327 1643 490 1705 Brindelio
504 1644 542 1704 ad
558 1643 691 1702 Ordines
709 1643 882 1719 promotus,
897 1656 967 1701 ‹ex

22 1738 135 1810 tonius,
157 1745 194 1798 nt
216 1737 275 1810 ais,
292 1738 419 1797 minime
440 1737 554 1797 fucatis
575 1734 826 1812 responsionibus
847 1733 967 1794 abunde

23 1829 141 1908 >colligi
159 1849 260 1909 ,posse
287 1832 475 1903 arbitraris,
498 1829 604 1890 omnia
625 1831 656 1889 in
678 1847 714 1888 eo
735 1830 863 1888 servata
886 1842 966 1897 esse,

23 1923 164 1996 »quaein
187 1924 439 1985 ordinationibus
460 1941 500 1984 ex
522 1922 716 2001 praescripto
731 1919 871 1982 Ritualis
886 1917 970 1978 ordi·

23 2015 134 2076 ›nariis
146 2018 303 2077 servanda
314 2021 399 2076 sunt.
414 2018 496 2078 »His
508 2015 734 2094 praecognitis,
744 2010 969 2073 consultationi

23 2107 79 2166 tuae
104 2127 253 2188 responso
276 2129 312 2169 eo
334 2128 395 2169 nno
417 2110 673 2171 satisfaciendum
695 2106 864 2178 duximus,
890 2106 968 2181 quod

24 2203 185 2274 apostolicis
215 2203 352 2264 decretis
376 2203 551 2276 sancitum,
576 2220 613 2262 ac
638 2207 791 2278 perpetuo
812 2197 969 2258 Ecclesiae

23 2307 67 2351 nso
91 2297 282 2357 custoditum
308 2314 344 2356 ac
369 2297 522 2357 traditum
551 2294 746 2371 accepimus;
770 2292 851 2352 nibil
872 2309 908 2352 ao
930 2308 968 2350 ne

23 2385 125 2459 quidem
154 2390 212 2450 sub
239 2388 388 2449 adiuncta
416 2388 594 2448 conditione
614 2387 647 2445 in
668 2385 885 2457 ordinatione,
908 2382 970 2443 etsi

23 2475 128 2540 aliunde
149 2482 281 2556 illicita,
305 2482 528 2554 innovandum,
543 2498 621 2557 quae
640 2482 676 2540 ad
701 2495 839 2538 normam
860 2495 972 2555 appro-

22 2565 75 2629 bati
93 2574 232 2635 Ritualis
253 2576 452 2653 peractasit,
467 2575 569 2635 necin
585 2591 622 2632 ea
635 2571 802 2648 quidquam
818 2568 968 2647 diligenti

23 2666 176 2734 praemissa
197 2667 413 2745 inquisitione,
437 2667 526 2728 utin
549 2666 711 2743 proposito
732 2683 805 2724 casu
826 2661 968 2732 Linderi,

24 2767 48 2809 se
64 2759 182 2833 prodat,
206 2761 287 2836 quod
310 2759 438 2832 iustam,
461 2777 603 2838 gravem,
619 2775 755 2834 vereque
777 2753 971 2834 probabilem

25 2844 52 2902 de
74 2849 158 2912 illius
187 2853 298 2912 valore
327 2853 488 2913 dubitandi
518 2869 643 2911 causam
673 2850 797 2910 afferat.
821 2847 973 2913 Quocirca

24 2935 189 3006 facultatem
212 2945 272 3005 tibi
293 2945 436 3020 facimus,
452 2946 567 3006 dilecte
582 2943 659 3016 Fili,
682 2947 799 3003 utnon
821 2941 911 2998 modo
932 2940 970 2999 ad

23 3038 294 3099 reconciliationem
315 3038 447 3099 Linderi
469 3039 561 3098 iuxta
590 3053 729 3096 normam
751 3034 783 3092 in
806 3033 889 3092 dicto
910 3032 973 3093 No·

24 3125 77 3198 ltro
98 3131 194 3192 Brevi
224 3131 451 3209 praescriptam
480 3131 673 3208 procedere,
704 3145 813 3187 verum
843 3123 972 3202 insuper

24 3225 103 3288 prout
121 3223 153 3283 in
174 3225 306 3286 Domino
334 3225 482 3302 expedire
510 3223 568 3283 tibi
596 3221 778 3294 videbitur,
801 3221 931 3280 eundem
953 3236 973 3279 a

24 3308 134 3375 vinculo
162 3317 373 3395 suspensionis
401 3321 435 3377 et
462 3313 737 3393 irregularitatis,
760 3316 973 3390 quopropter

24 3414 198 3472 memoratas
213 3412 321 3490 culpas
335 3410 482 3471 irretitus
498 3414 637 3482 tenetur,
654 3408 791 3480 solvere,
807 3409 901 3483 atque
915 3408 972 3465 bac

25 3491 82 3590 {psa
102 3505 207 3564 eadem
237 3503 418 3565 absolvendi
440 3521 475 3563 ac
497 3501 696 3579 dispensandi
724 3500 876 3562 facultate
903 3515 972 3557 cnm
