2426 4192
21 309 53 352 ra
73 293 249 371 proeperiie
270 297 305 354 et
326 309 403 370 pour
423 311 457 354 sa
478 294 590 370 gleire.
614 295 675 357 J'ai
697 296 861 358 l'honnsnr
880 299 980 358 d'eire

21 403 95 446 aree
118 386 150 446 la
170 386 241 463 pius
262 388 469 463 respectneux
490 388 714 462 attachement,

100 480 228 558 Mylord
250 479 321 552 deuo,

169 576 268 634 Votre
284 573 494 634 tres-humble
511 579 545 634 et
560 576 794 638 tres-cbeissant
813 577 981 650 servitem,

449 673 582 748 Dillnm,
605 672 701 734 Arch.
724 671 762 730 de
784 672 960 733 Narbonae.

472 877 539 934 nv.

399 989 630 1060 EPIS'l'OLA

39 1163 457 1228 ARGHIEPISGOPORUM
480 1165 533 1227 ΕΤ
564 1165 689 1228 EPISO.
713 1165 959 1226 GALLIARUM
1055 1119 1062 1133 ⁶

70 1259 117 1319 IN
133 1258 291 1318 ANGLIA
305 1259 387 1318 PRO
402 1259 578 1320 CHRISTO
592 1259 867 1319 EXULANTIUM
884 1256 929 1336 (l)

301 1415 346 1462 AD
363 1415 504 1464 smum
520 1414 721 1464 rourmcnu

352 1555 541 1638 PIUM
586 1557 654 1634 VI.

181 1755 386 1814 Beatissimo
406 1757 520 1815 Pater.

77 1894 124 1954 Ut
144 1892 282 1968 primum
302 1893 360 1951 hoc
382 1891 512 1952 nefando
533 1890 711 1963 schismate,
727 1894 805 1967 qnod
828 1893 907 1967 apud
924 1909 979 1952 nes

22 1983 146 2046 invexit
167 1984 225 2045 illa
241 2002 350 2044 recens
362 1985 559 2045 eversionum
582 1985 649 2046 lnes
661 1989 726 2046 tam
737 1985 893 2046 altaribus
908 1985 984 2062 ipsis

23 2099 110 2156 qnam
127 2079 216 2140 soliis
237 2096 347 2157 regum
368 2082 402 2140 et
421 2079 565 2155 imperiis
585 2079 808 2154 infensissima,
830 2079 985 2140 dilacera-

24 2174 82 2233 tam
107 2191 142 2232 se
163 2171 263 2232 sensit
283 2172 424 2232 Ecclesia
443 2172 620 2244 Gallicana,
646 2190 705 2231 non
728 2171 821 2232 stetit
833 2171 866 2230 in
887 2171 986 2232 ambi·

24 2284 100 2342 gno,
121 2265 197 2343 quin
227 2266 370 2342 protinus
390 2266 428 2324 ad
451 2283 541 2338 eum,
562 2265 613 2326 eni
635 2268 784 2328 donatum
804 2268 852 2326 est
872 2265 986 2326 confir·

24 2377 107 2421 mare
126 2359 244 2420 fratres
259 2376 341 2432 snos,
356 2358 490 2417 fidenter
512 2357 706 2435 confugeret.
723 2361 757 2418 ln
777 2361 908 2436 paterno
921 2359 985 2419 Ve-

23 2455 106 2514 strae
129 2451 318 2512 sanctitatis
345 2451 415 2511 sinn
442 2468 532 2510 ouras
560 2455 594 2511 et
614 2468 747 2530 angores
774 2453 983 2529 deposuimus,

23 2561 87 2606 cnm
112 2544 294 2605 indubitate
314 2562 378 2620 spe,
392 2547 441 2604 tot
454 2543 539 2604 inter
561 2541 702 2605 dolorum
716 2549 750 2606 et
763 2545 983 2607 difficultatum

23 2655 142 2713 causas,
160 2637 247 2698 nobis
267 2638 338 2698 inde
360 2656 420 2698 non
441 2636 544 2698 minus
567 2638 695 2698 remedii
717 2657 809 2716 qnam
830 2639 937 2701 achatii
951 2641 985 2700 st

24 2730 190 2796 levaminis
210 2730 404 2792 adiuturum.
502 2783 506 2794 ,

79 2827 131 2889 Ab
153 2825 193 2884 iis
213 2824 344 2884 fundata
365 2823 466 2882 sancti
485 2824 652 2902 Evangelii
672 2823 887 2901 praeconibus,
908 2840 984 2900 qnos

25 2919 119 2995 primi
140 2918 232 2978 Beati
254 2916 342 2976 Petri
364 2932 554 2976 successores
575 2917 608 2976 in
630 2915 766 2977 Galliam
788 2914 911 2986 misere,
928 2933 984 2975 nc·

25 3017 89 3074 sira
116 3012 177 3072 illa
203 3012 398 3071 Francorum
424 3010 565 3070 Ecclesia
590 3027 646 3087 per
677 3028 764 3071 snam
789 3011 984 3069 constantem

24 3124 91 3168 cnm
107 3105 188 3168 Sede
201 3104 385 3182 Apostolica
404 3103 648 3164 communionem
669 3121 763 3180 usqne
785 3119 865 3162 nunc
880 3103 984 3162 incon·

24 3217 112 3262 cussa
133 3196 317 3276 permansit,
332 3200 365 3256 et
385 3215 422 3256 eo
437 3195 521 3257 felici
536 3214 630 3268 nexu,
646 3195 699 3272 qui
722 3196 847 3272 quidem
866 3197 915 3255 est
930 3213 984 3273 ge·

25 3295 136 3353 nninae
158 3291 336 3353 Catholicae
358 3290 492 3352 unitatis
513 3294 643 3361 tessera,
667 3289 740 3352 idei
761 3289 981 3368 integritatem

81 3501 443 3562 mmmmm*
