2430 4202
333 317 431 377 ticum
453 315 541 375 adire
563 314 726 388 valentes,
759 313 964 375 matrimonia
984 314 1112 375 celebra·

335 414 412 471 runt
440 426 544 470 coram
565 413 718 470 extraneo
740 411 923 482 sacerdote,
946 408 1000 468 vel
1021 425 1113 469 coram

144 578 145 581 Ἴ
336 501 493 564 saeculari
514 501 739 578 magistratu.
785 548 792 563 .
841 527 849 561 ·.
894 547 901 561 .
949 546 957 562 .
1003 547 1011 561 .
1043 519 1113 578 pay.
1146 499 1175 561 60

238 596 316 660 1793
336 597 357 657 5
378 593 524 656 Octobris
537 625 551 638 ·
563 595 620 653 ue
637 597 768 655 litteris.
785 597 950 667 capitum
971 601 1007 655 et
1022 599 1116 656 (tanc

336 692 428 750 nicia
457 691 620 748 cathedr.
647 691 829 774 Ecclesiae
855 691 1117 750 camberiansls.

335 784 430 846 Dolet
443 782 480 841 do
496 782 731 842 calamitatibus
746 783 838 843 illins
852 783 1026 844 Ecclesiae.
1047 785 1123 842 Gan·

336 881 390 940 det
411 878 449 936 de
470 892 579 936 eorum
601 875 661 935 fide
684 880 719 936 et
739 878 926 939 constantia
950 881 1014 938 etc.
1060 922 1067 937 .
1105 873 1178 936 »62

223 1018 226 1029 .
338 975 358 1032 7
376 969 564 1032 Novembris
577 1001 592 1014 -
605 969 700 1029 Misit
721 972 765 1031 ad
780 972 854 1031 Nos.
871 976 1029 1042 Augusto
1044 973 1120 1042 Epi-

337 1080 442 1135 scopo
457 1064 686 1132 sumeretne
702 1063 822 1124 duabus
837 1063 1050 1140 pastoralibus
1062 1063 1121 1140 epi-

336 1157 427 1218 stolis
447 1157 486 1215 ab
506 1156 614 1215 eodem
629 1155 724 1228 datis,
741 1157 778 1214 ad
794 1155 996 1216 indicandam
1011 1155 1120 1232 populo

336 1269 390 1313 sno
412 1251 516 1309 tutam
539 1250 654 1326 agendi
669 1265 822 1322 normam,
839 1253 936 1327 atque
949 1251 987 1310 ad
1003 1251 1121 1310 meden-

335 1345 408 1406 dum
430 1342 523 1402 malis
537 1360 556 1402 a
568 1342 736 1403 schismate
749 1344 879 1405 obortis.
896 1346 1025 1405 Laudat
1039 1346 1119 1404 eius-

335 1437 405 1498 dem
427 1434 623 1497 studiumac
645 1436 864 1512 prudentiam:
888 1440 998 1497 monet
1020 1441 1118 1498 tamm

337 1529 592 1592 dilucidationem
616 1531 817 1607 expostulare
838 1550 917 1609 quae
939 1531 1005 1608 ipso
1029 1530 1121 1592 tradi-

336 1625 385 1685 dit
407 1625 443 1684 de
465 1624 660 1684 absolutione
682 1623 797 1685 iuratis
827 1625 1059 1702 impertienda,
1086 1627 1119 1684 da

336 1717 526 1778 solemnibus
554 1718 673 1795 nuptiis
702 1719 919 1794 celebrandis,
956 1720 994 1779 de
1029 1717 1119 1778 sacris

335 1812 448 1874 hostiis
463 1830 482 1872 a
496 1813 695 1874 schismatico
711 1815 898 1892 presbytero
917 1813 1115 1883 consecratis,

335 1909 373 1967 de
387 1905 597 1967 matrimoniis
612 1907 784 1967 contractis
798 1925 902 1968 coram
917 1905 1064 1984 parochis
1077 1905 1119 1965 iu·
1168 1967 1171 1979 ,

338 2000 418 2061 ratis
461 2043 1008 2060 ...........
1029 2023 1031 2032 ¹
1055 2045 1063 2059 .
1100 2017 1117 2057 a
1148 1995 1175 2054 64

335 2094 376 2156 20
396 2091 583 2154 Novembris
596 2121 610 2138 -
626 2095 715 2158 Quod
737 2095 978 2154 allocutionem.
995 2093 1119 2153 Abbati

338 2193 389 2250 De
403 2189 521 2246 Simon
532 2187 674 2246 Vioarto
685 2188 849 2248 Generali
859 2188 1040 2248 Dioeossis
1050 2190 1118 2246 Me·

337 2282 458 2340 tenui.
481 2279 616 2350 Laudat,
640 2280 721 2354 quod
736 2278 937 2338 Pontificiam
953 2278 1119 2339 allocutio·

336 2392 406 2433 nem
435 2373 472 2432 de
499 2373 601 2432 morte
625 2372 779 2433 Ludovici
807 2374 883 2434 XVI
909 2375 942 2433 in
976 2374 1118 2452 gallicam

335 2467 476 2543 linguam
491 2465 689 2524 converterit
704 2509 712 2538 ‚
728 2483 857 2544 eamque
873 2468 912 2527 ad
926 2465 1032 2543 ipsum
1045 2469 1121 2528 Pou-

335 2559 451 2621 tiflcom
477 2556 694 2618 transmiserit
727 2601 1062 2621 .......
1101 2577 1118 2620 r
1149 2555 1177 2616 69

337 2651 572 2714 lb'Decembris
586 2653 782 2711 -Deoretum
804 2651 983 2714 (lardinalis
1007 2655 1046 2714 de
1067 2656 1119 2714 Ze-

335 2748 418 2820 lada,
441 2765 500 2824 quo
531 2750 760 2817 prorogantur
788 2749 833 2807 ad
858 2763 985 2807 annum
1014 2749 1119 2809 raoul-

335 2846 428 2901 tates
449 2854 634 2900 concessae
649 2857 667 2900 a
681 2840 808 2899 Summo
822 2839 978 2900 Pontifice
989 2842 1119 2902 Archia·

335 2932 471 3012 piscopis
492 2935 526 2991 et
545 2931 706 3009 Episcopis
726 2950 762 2992 ae
786 2932 980 2994 Dioecesium
1009 2934 1120 2995 Admi-

335 3027 561 3088 nistratoribns
573 3028 676 3104 Regni
690 3027 879 3102 Galliarum,
895 3045 952 3088 uec
967 3046 1030 3088 non
1042 3031 1119 3092 (lor-

336 3122 436 3196 sican,
466 3119 655 3194 Avenionis,
677 3122 711 3180 et
733 3121 907 3182 Comitatus
938 3119 1116 3192 Venaisiui,

334 3214 518 3287 Sabandiae‚
541 3214 736 3291 aliorumque
757 3215 911 3289 locorum,
924 3232 1003 3292 qnae
1019 3233 1119 3293 parse-

336 3307 457 3370 cationi
480 3311 554 3368 sunt
574 3308 708 3369 obnoxia
730 3351 1061 3371 .......
1101 3325 1118 3368 s
1150 3299 1176 3362 tt

239 3401 317 3461 1794
339 3404 378 3462 17
392 3402 532 3464 Ianuarii
538 3407 780 3474 ·Indulssenoe
792 3404 977 3465 demandees
990 3423 1031 3465 au
1042 3405 1117 3464 Sou-

336 3498 445 3560 vorain
467 3496 605 3571 Pontife,
617 3515 657 3557 au
671 3496 755 3574 sajet
770 3499 807 3558 do
821 3498 853 3560 la
867 3497 1068 3576 persecution
1082 3499 1116 3558 de
