2430 4202
421 152 599 212 -301-

130 257 298 318 Francisco
318 261 639 332 montispessmanl,
654 291 671 305 ·
685 261 791 322 Ioanni
812 264 915 325 Fran-

129 351 210 412 cisco
231 352 383 430 Episcopo
396 356 579 427 beomensi,
594 387 607 401 ·
621 357 815 417 Emmanueli
829 357 915 418 Aloi-

127 442 173 504 sio
188 445 339 522 Episcopo
351 449 728 521 Petrocorenai‚-Petro
737 451 914 527 Augustino
1036 473 1040 494 ⁴

126 536 914 628 EpisewoAminnea„-HenricoBenedictoEpi-

128 631 914 712 scopoUssetien.‚·AugustinoRenatoEpiscopo

128 727 344 799 Ereoorensh
356 756 370 770 ·
387 727 521 804 Segusio
548 727 701 804 Episcopo
720 733 913 789 Euthenen·

126 817 313 889 si‚-Gnrolo
328 820 479 896 Eutropio
500 820 652 898 Episcopo
670 825 913 896 nannetensi,-

125 909 277 987 Philippo
291 913 459 974 Francisco
473 915 624 991 Episcopo
635 917 914 989 molismensi,-

126 1004 266 1064 Antonio
287 1007 456 1067 Eustochio
476 1008 628 1086 Episcopo
654 1011 915 1082 convenarum,-

128 1097 291 1158 Ludovico
306 1099 445 1160 Mathiae
470 1099 622 1176 Episcopo
648 1103 825 1172 'Preoenei‚
849 1119 913 1172 pro
1025 1148 1028 1154 .

128 1194 265 1250 christo
295 1194 333 1251 in
361 1195 487 1264 Anglia
526 1195 760 1254 exulantibus.
776 1195 914 1254 -Eorum

127 1286 337 1345 constantiam
349 1287 477 1360 laudat,
490 1304 525 1346 ac
538 1287 593 1346 Dei
606 1285 768 1363 promissis
780 1287 911 1350 solatur.

126 1377 298 1438 Ecclesiam
314 1379 392 1440 dicit
406 1398 445 1438 ex
457 1379 750 1456 persequutionibus
764 1379 825 1438 vim
839 1381 915 1440 heu·

125 1471 213 1543 rire;
242 1473 321 1548 quod
344 1491 384 1532 ex
405 1473 540 1534 historia
568 1472 744 1532 confirmat.
774 1473 915 1534 Comme-

126 1569 233 1625 morat
254 1567 335 1627 bona
355 1585 433 1644 quae
454 1585 494 1626 ex
516 1566 676 1626 hodiernis
697 1584 816 1643 quoque
842 1584 914 1643 per·

127 1656 365 1732 sequutionibus
386 1660 448 1720 iam
470 1659 627 1720 Ecclesiae
650 1659 859 1732 obvenerunt,
875 1677 914 1719 ex

130 1751 242 1826 quibus
264 1753 383 1812 maiora
404 1753 565 1830 arguenda
580 1755 675 1819 sunt,
705 1770 773 1812 cum
789 1771 850 1830 pax
865 1771 913 1812 re·
989 1744 991 1750 ’

129 1843 297 1903 stituetur.
321 1847 505 1922 Rogandum
529 1847 633 1904 tamen
663 1845 752 1918 dicit,
783 1849 820 1906 ut
848 1847 912 1905 dies

125 1937 315 1998 tentationis
336 1938 574 1999 abbrevientur.
590 1939 804 2016 chrysostomi
820 1939 913 1999 affert

126 2032 225 2091 verba
244 2033 283 2090 ad
305 2050 356 2090 eos
378 2031 617 2092 confirmandos.
645 2033 767 2092 Gaudet
793 2035 914 2108 postre·
950 2113 951 2116 ,
1014 2097 1018 2102 ,

123 2141 186 2198 mo,
210 2126 288 2202 quod
312 2143 393 2186 nova
414 2127 544 2204 pietatis
574 2125 755 2186 testimonia
784 2126 821 2185 ab
850 2127 913 2186 An·

125 2217 210 2294 gliae
231 2236 307 2295 rege
328 2219 507 2296 acceperint
517 2262 791 2280 ......
825 2236 905 2296 pop.
932 2219 991 2280 182

21 2307 102 2369 1798
126 2309 165 2367 13
184 2310 396 2372 Novembris·
408 2313 511 2378 Quom
522 2311 597 2371 Nos.
614 2310 665 2370 Pii
679 2312 783 2388 Papae
799 2313 852 2373 VI.
871 2313 908 2372 de

125 2401 377 2464 Successorissui
389 2403 542 2464 electione
556 2404 748 2465 constitutio
759 2404 873 2466 altera.
890 2420 908 2464 r
932 2404 991 2466 195

25 2495 108 2557 1799
128 2493 149 2554 5
169 2495 308 2555 Ianuarii
334 2528 352 2542 -
377 2496 473 2556 Recte
495 2505 525 2556 et
546 2513 588 2556 ecc
612 2497 735 2556 ordine.
762 2501 912 2558 Domini·

132 2605 173 2649 co
181 2591 359 2648 cardinali
369 2590 624 2659 Rupeiucaldio
638 2593 912 2662 Archiepiscopo

124 2683 549 2758 Rotuomagensihaudat,
566 2685 658 2760 quod,
675 2683 821 2744 defuncto
836 2685 913 2762 Epi-

123 2793 215 2852 scopo
231 2772 463 2836 constantiensi
475 2776 738 2852 Rothomagensis
753 2777 912 2838 Ecclesiae

124 2867 342 2944 Suffraganeo,
352 2866 417 2943 ipse
431 2865 519 2925 iliius
531 2867 836 2928 administrationem
847 2887 912 2929 sus·

124 2961 257 3038 ceperit,
280 2964 313 3020 et
334 2959 477 3021 Vicarios
499 2961 668 3024 (leucrates
691 2962 768 3021 duos
796 2962 913 3023 consti-

125 3053 240 3128 tuerit,
256 3052 282 3113 si
297 3071 406 3131 reapse
421 3053 467 3113 ita
481 3054 690 3114 constitutum
705 3053 812 3116 iuerat
825 3057 912 3133 Apo·

123 3146 248 3210 stolicis
269 3145 403 3207 Litteris
424 3147 586 3208 abeodem
605 3148 849 3227 Archiepiscopo
864 3150 912 3210 al-

121 3240 214 3314 latis;
228 3258 358 3317 quarum
375 3259 472 3319 neque
487 3243 683 3316 memoriam,
694 3261 791 3320 neque
806 3259 912 3302 exem·

122 3334 211 3413 plum
232 3333 265 3393 in
282 3337 373 3398 tanta
385 3353 492 3395 rerum
507 3336 749 3413 perturbatione
763 3335 912 3396 Pontifex

122 3427 271 3504 habebat.
308 3430 343 3489 In
373 3429 466 3489 dubio
495 3431 600 3492 tamen
628 3431 707 3491 hanc
728 3428 777 3490 illi
798 3446 913 3491 revera
