2430 4202
126 227 132 260 ⁸
426 225 605 285 -331-

88 329 226 392 Russiae
256 331 462 392 autocratrici
488 331 678 394 catharinae
706 329 817 392 scribit
837 331 912 393 Pius
935 335 991 395 Vl.

5 429 38 487 1.
57 425 143 486 260.
505 508 528 564 Β

86 612 265 672 Sabaudiae
286 611 429 689 Episcopi
455 611 564 672 iisdem
593 610 798 673 facultatibus
828 611 994 687 instructi,

7 706 143 782 quibus
165 705 260 765 Galli.
277 708 302 766 Ι.
319 705 462 767 aua-11.
482 707 550 766 123.

86 800 276 859 Sacerdotes
304 800 356 876 qui
386 800 630 878 presbyteratus
658 800 785 862 litteras
813 799 997 877 petentibus

9 893 308 972 persequutoribus
324 893 528 955 tradiderunt
548 894 580 953 in
601 893 723 972 signum
745 894 998 954 renunciationis

12 985 137 1046 ordini
160 985 347 1045 sacerdotali
369 985 502 1046 habendi
524 985 572 1045 uti
593 990 768 1063 apostatae,
783 989 816 1046 et
836 987 995 1046 canonicis

13 1080 143 1158 poenis
165 1079 308 1140 subiecti.
323 1082 363 1140 II.
379 1079 478 1140 luu—
489 1079 567 1148 Quid
583 1080 610 1140 si
625 1097 681 1157 pro
695 1080 817 1141 litteris
831 1080 998 1158 presbyte-

9 1178 120 1234 ratus
143 1173 236 1233 aliam
255 1175 397 1235 chartam
413 1174 513 1234 latine
527 1175 681 1251 scriptam
696 1173 899 1234 tradiderint.
915 1174 994 1234 Ibid.

13 1268 282 1328 -Saoerdotibus
297 1267 369 1328 fidei
395 1285 489 1328 causa
517 1267 693 1346 deportatis
720 1267 772 1327 vel
794 1268 995 1345 deportandis

11 1361 199 1422 facultates
214 1379 389 1423 concessae.
409 1361 477 1422 165.
488 1393 504 1406 -
516 1362 703 1421 Sacerdotes
717 1359 804 1421 Galli
818 1361 942 1420 exsules
958 1360 993 1419 iu

14 1458 117 1516 statu
147 1456 310 1516 Pontificio
342 1455 528 1516 formulario
561 1454 735 1516 Alexandri
768 1456 826 1515 Vll
854 1454 993 1515 subscri-

17 1550 230 1610 bunaria.

89 1643 256 1702 Sardiniae
270 1642 401 1720 populus
415 1641 571 1702 liberatus
592 1641 632 1701 ab
651 1641 794 1702 hostibus
808 1644 873 1702 Deo
887 1645 996 1718 grates

17 1735 110 1814 agit.
128 1737 168 1795 II.
185 1735 236 1796 39.

87 1829 223 1888 Saurine
245 1829 553 1907 pseudo-Episcopus
573 1827 739 1905 Aquensis.
757 1831 782 1889 l.
802 1827 870 1889 150.
887 1829 994 1888 -Ilius

18 1923 145 1983 electio
167 1923 256 1983 nulla
276 1930 310 1984 et
330 1923 524 1984 consecratio
548 1924 715 2002 sacrilega3
738 1923 777 1984 ab
799 1921 909 1982 ordine
930 1923 997 2000 epi-

20 2014 148 2092 scopali
171 2032 348 2091 suspensus.
365 2017 391 2076 Ι.
411 2014 481 2076 156.

90 2110 279 2170 Scandalum
303 2129 321 2171 a
342 2110 458 2171 iuratis
485 2109 682 2189 presbyteris
710 2111 817 2170 datum
847 2125 996 2185 reparan-

22 2204 117 2263 dum.
134 2204 174 2262 ΙΙ.
193 2203 262 2264 166.

91 2296 277 2359 Schismatis
290 2297 338 2360 rei
353 2297 570 2360 ecclesiastici:
583 2298 735 2376 quomodo
749 2315 819 2358 cum
834 2297 883 2357 his
897 2314 993 2375 agen-

26 2394 122 2451 dum.
139 2391 178 2449 ll.
197 2392 263 2452 111.

91 2483 338 2545 Seminariorum
357 2489 452 2564 caput
469 2490 503 2546 et
520 2503 658 2546 summus
673 2485 858 2546 administer
868 2484 997 2562 Episco·
1114 2535 1118 2544 .

24 2595 100 2655 pus.
118 2578 144 2635 Ι.
161 2579 212 2639 94.
242 2579 322 2638 Vide
345 2577 543 2640 Constitutio
565 2578 690 2640 civilis.

90 2669 269 2730 Senioensis
290 2671 458 2749 Episcopus
487 2673 666 2733 carceribus
691 2672 902 2750 mancipatus:
926 2673 993 2733 eius

23 2765 111 2825 laus.
130 2767 156 2824 Ι.
173 2763 249 2837 265,
267 2763 338 2824 266.

90 2856 278 2918 Sunonensis
299 2856 559 2934 Archiepiscopus
586 2859 734 2939 (Carolus
756 2860 796 2920 dc
817 2860 992 2939 Lomento)

24 2953 60 3012 in
84 2951 196 3028 impios
214 2951 311 3012 libros
326 2950 491 3012 invehitur
505 2957 538 3013 et
552 2953 718 3031 praecipue
733 2955 929 3014 contractum
944 2971 994 3012 so·

24 3043 152 3105 cialem.
168 3045 194 3102 I.
207 3043 279 3117 235,
294 3044 365 3104 239.
378 3047 437 3105 -et
451 3044 483 3104 in
499 3046 773 3106 Parlamentorum
792 3052 922 3106 conatus
937 3065 993 3106 ne·

25 3136 137 3196 farios.
151 3137 176 3195 1.
193 3135 265 3208 235,
280 3135 353 3211 236,
368 3137 438 3200 239.
452 3140 592 3200 -censet
613 3138 740 3199 minime
762 3139 905 3218 indigere
919 3140 995 3216 Epi-

27 3247 139 3307 scopos
150 3230 343 3292 auctoritate
358 3233 458 3310 regia,
474 3233 512 3292 ad
529 3232 737 3312 evulgandam
760 3234 792 3294 in
814 3252 912 3312 regno
932 3235 996 3294 Be·

26 3322 146 3384 nedicti
161 3325 236 3385 XIV
251 3326 416 3403 epistolam
438 3326 657 3404 dogmaticam.
672 3330 697 3388 l.
712 3329 783 3388 236.
795 3327 942 3388 -Probat
956 3328 989 3387 in

28 3416 187 3479 catholico
208 3437 305 3497 regno
326 3419 508 3480 libertatem
531 3419 660 3480 ducendi
681 3439 748 3480 esse
769 3423 892 3498 partem
911 3419 992 3481 iuris

30 3509 159 3590 publici.
172 3512 197 3571 I.
211 3513 283 3582 237,
293 3542 313 3559 ·
324 3512 460 3573 Obsistit
476 3511 725 3590 protestantibus
738 3512 771 3573 in
786 3513 912 3592 publica
924 3532 993 3574 mu·
