2426 4192
224 281 353 342 stoliooe
367 297 544 355 recurrere,
559 287 593 344 et
606 283 861 361 approbationem
883 282 925 341 ab
944 281 1022 358 ipsis
1041 281 1157 340 obtineto

225 376 399 451 potuerint.

283 469 314 526 7.
337 467 474 545 Denique
502 468 673 543 interesse,
696 474 733 530 ut
752 471 923 529 eorundem
951 471 1161 546 deportaturum

224 560 358 637 singulis
385 562 512 638 iusuper
539 567 730 624 concedatur
758 563 914 636 facultas,
942 563 976 621 in
1004 562 1161 638 respectivis

224 652 314 713 exilii
328 654 375 713 sui
391 655 479 728 locis,
495 657 614 734 lapides
627 657 790 731 altarium,
805 661 988 733 vastatque
1003 659 1162 715 ornamenta

225 765 314 809 sacra
339 749 378 810 ad
404 751 591 810 celebranda
619 755 818 812 sacrosancta
846 750 1003 828 mysteria
1027 749 1161 826 atquead

224 843 345 904 cultum
367 843 509 903 divinum
536 846 711 905 necessaris
739 845 897 923 (adhibito
927 848 1031 904 umen
1059 843 1121 903 oleo
1137 843 1162 900 ab

192 925 195 933 ¹
224 939 375 1016 Episcopo
388 939 543 1000 catholico
557 941 753 1019 benedicto),
770 941 906 1000 servatis
927 937 1098 1008 servandis,
1112 954 1163 994 con

226 1034 366 1092 sacrandi
390 1039 423 1093 et
444 1035 658 1107 benedicendi,
676 1051 731 1093 nee
753 1051 812 1092 uon
835 1050 929 1109 super
949 1050 1007 1092 ara
1029 1028 1162 1107 portatili.

195 1155 200 1164 ·
226 1124 258 1183 iu
280 1126 348 1185 loco
369 1128 472 1186 tamen
495 1129 629 1200 decenti,
653 1128 777 1190 missam
799 1126 992 1197 celebrandi,
1015 1125 1043 1184 si
1064 1124 1163 1200 quiden

225 1218 385 1279 ecclesiam
411 1221 524 1296 aisque
551 1223 687 1280 maximo
714 1221 907 1280 incommodo
930 1219 980 1279 vel
1003 1217 1164 1278 difficultate

226 1311 312 1372 adire
335 1330 392 1372 uon
417 1315 590 1388 potuerint.

284 1405 348 1465 Nos
370 1405 471 1482 igitur
491 1406 705 1481 praefatorum
728 1408 935 1479 sacerdotum,
953 1425 1009 1467 nec
1031 1425 1091 1465 non
1111 1404 1167 1461 fido·

224 1495 302 1555 lium
316 1499 353 1556 ad
369 1515 445 1574 quos
467 1500 681 1575 pervenerint,
697 1499 916 1576 spiritualibus
936 1497 1166 1562 necessitatibus,

226 1599 374 1668 quantum
390 1592 421 1650 in
437 1593 566 1651 Domino
580 1610 751 1669 possumus,
766 1594 930 1664 consulere
945 1593 1106 1669 cupientes
1119 1607 1168 1665 pre·

225 1684 312 1743 cibus
340 1701 434 1759 supra
453 1689 486 1744 et
508 1689 595 1745 retro
626 1687 821 1764 septemplici
850 1704 979 1746 numero
1009 1683 1167 1762 expressis,

226 1778 320 1852 atque
342 1777 491 1852 gravibus
512 1777 623 1854 quibus
637 1777 819 1838 innituntur
838 1778 1001 1838 rationum
1024 1771 1168 1834 momentis

227 1868 396 1946 diligenter
425 1872 607 1947 perpensis,
633 1870 775 1930 antefata
795 1871 922 1948 speciali
952 1873 985 1929 et
1017 1867 1169 1946 apostoliea

225 1965 418 2024 auctoritate
439 1983 458 2024 a
479 1964 682 2024 sanctissimo
701 1964 832 2024 Domino
852 1966 970 2026 Nostro
992 1963 1084 2022 nobis
1109 1975 1170 2019 com

225 2058 395 2131 manicata,
411 2076 516 2117 omnes
538 2062 571 2118 et
592 2059 731 2136 singulas
746 2058 914 2119 facultates
934 2056 968 2115 in
991 2055 1171 2132 singulisne

226 2157 318 2227 ptem
335 2150 472 2211 numeris
492 2152 620 2228 petitas,
636 2154 729 2212 iuxta
748 2151 916 2223 clausulas,
939 2149 1134 2210 conditiones
1148 2147 1171 2206 et

225 2244 414 2321 hypotheses
433 2246 545 2305 ibidem
568 2263 742 2322 expressas,
758 2245 940 2305 memoratis
961 2244 1170 2310 sacerdotibus,

226 2335 294 2395 sive
316 2338 376 2395 iam
398 2339 585 2414 deportatis,
606 2339 671 2398 sive
692 2339 836 2415 deinceps
857 2337 1080 2414 deportandis,
1103 2333 1171 2394 beni·

227 2447 286 2506 gne
308 2429 340 2488 in
362 2432 492 2492 Domino
514 2432 720 2492 concedimus.
737 2434 910 2492 Hortamur
931 2436 1037 2490 autem
1060 2448 1128 2502 eos,
1147 2431 1173 2484 ut

226 2521 378 2582 eiusmodi
393 2523 561 2584 facultates
576 2527 613 2585 ad
629 2524 777 2584 maiorem
792 2525 959 2584 dumtaxat
970 2524 1026 2583 Dei
1042 2523 1171 2601 gloriam,

226 2613 392 2692 religionis
413 2617 586 2678 catholicae
607 2617 833 2677 incrementum
856 2621 890 2676 et
909 2617 1086 2677 animarum
1106 2614 1174 2674 saln-

227 2713 303 2781 tem,
319 2714 412 2786 atque
433 2727 503 2768 oum
524 2711 630 2771 debita
651 2711 830 2786 prudentia,
844 2710 980 2772 servatis
1001 2707 1170 2772 servandis,

227 2806 406 2863 exerceant.
958 2800 962 2805 ’

288 2898 402 2956 Datum
431 2912 471 2954 ex
500 2913 571 2955 arce
599 2898 707 2973 Hagno
738 2914 834 2973 prope
865 2897 1102 2967 Constantiam,
1132 2887 1173 2951 ubi

227 3007 284 3068 pro
317 2996 457 3067 tempore
488 2991 654 3066 degimus,
686 2990 745 3052 hac
771 2990 822 3050 die
859 2989 950 3051 XXV
983 2988 1096 3048 mensis
1128 2985 1173 3044 Iu·

227 3083 264 3143 lii
285 3084 532 3144 Mbuoxcvin.

286 3219 323 3278 P.
340 3219 599 3297 Archiepiscopus
617 3219 763 3291 Nicaeae,
778 3218 917 3280 Nuntius
938 3207 1140 3308 Apostolious.
