2426 4192
332 129 346 162 b

636 220 675 235 -
694 190 756 250 214
776 220 814 234 -

244 299 497 372 convenientes,
520 297 591 357 Tibi
617 297 751 359 alteram
777 299 1000 375 suggesseruut
1018 295 1180 356 instructio

245 409 327 465 nem,
340 410 401 468 qua
421 395 578 467 tamquam
593 390 707 467 clypeo
729 394 895 451 {iterentur
909 392 1055 468 adversus
1076 407 1181 450 accusa

245 485 370 555 tiones,
393 501 468 561 quas
489 483 528 542 ab
550 483 692 543 omuibus
720 483 809 542 bouis
830 483 888 543 sibi
911 501 976 543 esse
1003 484 1182 542 intentandae
1201 515 1202 532 ι

247 596 306 637 uon
335 577 401 636 sine
428 575 629 636 fundamento
657 578 851 637 metuebant.
878 577 1033 637 Schedule
1052 575 1182 653 praefeci

247 671 422 732 studiorum
445 689 506 748 qua
526 674 735 748 protestatur,
757 690 776 731 a
797 669 1022 748 professoribus
1040 689 1099 729 nou
1114 687 1183 745 pree

247 765 359 826 stitum
380 765 476 824 luisse
497 765 719 838 iuramentum,
743 764 803 823 nisi
825 764 960 825 relative
981 765 1019 825 ad
1040 764 1183 822 secundam

248 865 335 921 tuam
356 850 607 932 instructionem,
626 864 660 918 et
679 877 740 936 qua
761 860 844 934 petit
865 863 911 929 ut,
928 860 966 918 ad
988 858 1184 935 publicamco

248 956 377 1012 rundem
399 951 510 1029 agendi
538 952 673 1012 rationis
698 951 972 1022 iustificationem‚
995 953 1101 1010 eadem
1121 951 1184 1008 sebe

249 1047 323 1107 dula
336 1047 474 1123 registro
490 1050 563 1106 tuae
584 1046 782 1105 Secrcteriee
797 1045 970 1119 inseretur,
987 1045 1080 1104 huius
1094 1046 1134 1102 Te
1146 1062 1185 1100 ve·

249 1139 357 1200 uitatis
376 1138 559 1198 convincere
582 1140 683 1200 debet.
705 1141 768 1200 Nos
790 1139 896 1215 itaque
917 1156 986 1197 oum
1009 1136 1185 1198 acerbissimo

248 1232 346 1295 animi
361 1233 461 1292 nostri
483 1234 589 1293 dolore
611 1251 741 1292 cernere
755 1232 1017 1309 constringimur,
1034 1235 1123 1308 quod,
1136 1235 1184 1289 tun

249 1329 280 1388 iu
303 1331 353 1387 tot
373 1326 481 1386 muudi
503 1327 659 1388 Catholici
680 1326 823 1403 pertibus
842 1329 1038 1402 acceptetae,
1062 1344 1098 1384 ac
1117 1342 1185 1382 vane·

249 1419 367 1481 rationi
389 1419 513 1478 habitae
534 1419 654 1479 fuerint
668 1421 793 1480 nostrae
812 1421 849 1478 de
863 1418 1036 1479 iuramenti
1054 1417 1184 1496 pravitate
1203 1495 1204 1500 η

249 1513 438 1584 decisiones,
462 1531 541 1572 nunc
570 1515 603 1572 vi
625 1531 722 1574 novae
751 1517 823 1572 tuae
850 1512 1096 1585 instructionis,
1116 1501 1204 1585 amuel

251 1609 399 1684 operante
421 1606 555 1667 Romani
576 1605 708 1683 Collegii
730 1608 763 1665 et
784 1603 977 1681 Sapientiae
999 1605 1184 1680 prolessorun

250 1700 406 1777 exemplo,
431 1700 529 1759 visum
550 1700 650 1760 fuerit
670 1703 813 1772 Romam,
835 1703 932 1759 autea
952 1698 1134 1774 magistram
1151 1713 1186 1752 ve·

249 1795 370 1867 ritulis,
393 1793 506 1853 laetam
529 1793 624 1853 luisse
646 1794 830 1871 magistram
854 1792 987 1852 erroris.
1003 1793 1109 1863 Absit,
1123 1793 1151 1848 ut
1165 1788 1183 1845 id

250 1889 491 1965 ipsum-Nostro
512 1886 638 1946 silentio
665 1886 861 1963 comprobari
882 1885 1003 1946 valeat.
1028 1889 1095 1947 Nos
1113 1882 1185 1960 igitur

251 1983 313 2054 Te,
335 1984 485 2058 quantum
514 1978 592 2039 sinit
620 1979 745 2040 infirma
771 1982 890 2041 Nostra
910 1979 1084 2050 valetudo,
1105 1971 1205 2035 incur-³

251 2075 378 2134 eleuter
397 2075 609 2144 admonemus,
632 2075 669 2131 ut
690 2071 805 2130 editam
819 2089 837 2130 a
850 2072 894 2130 Te
909 2071 1078 2131 secundem
1098 2073 1185 2129 iustru-

251 2167 387 2227 otiouem
408 2166 472 2226 cito
494 2183 630 2236 revoces,
646 2166 856 2241 Nostrumquo
873 2165 910 2224 16
925 2163 1042 2224 mensis
1058 2159 1186 2225 currentis

251 2260 353 2319 Breve
382 2259 518 2330 iudices,
540 2278 600 2336 quo
628 2259 733 2336 palem
760 2259 903 2320 omuibus
929 2259 987 2320 fiat
1013 2260 1120 2335 qualia
1136 2253 1187 2313 sunl

253 2352 394 2430 praecisa
406 2353 525 2414 Nostra
545 2354 582 2412 de
603 2356 715 2413 exacto
730 2353 905 2414 iuramento
919 2371 1021 2425 sense3
1039 2356 1138 2430 Teque
1150 2360 1186 2424 por

247 2447 376 2507 viscere
389 2449 426 2506 D.
442 2448 481 2507 N.
499 2449 523 2507 l.
538 2449 572 2508 O.
588 2449 808 2520 exhortemur,
824 2453 862 2508 ut
876 2447 959 2508 omui
975 2451 1032 2508 tua
1048 2446 1142 2508 utaris
1152 2459 1188 2518 pa·
1205 2487 1206 2496 i

252 2539 369 2600 tientie
396 2543 489 2615 atque
518 2541 681 2613 doctriua,
705 2546 771 2602 tum
801 2541 891 2601 utin
917 2545 1027 2601 sancto
1057 2535 1187 2617 proposill

253 2633 417 2693 confirmes
437 2651 500 2706 eos,
513 2634 566 2710 qui
587 2652 657 2693 cum
672 2634 893 2710 cuiuscumque
904 2633 1047 2693 iacturae
1062 2628 1185 2710 periculo,
1205 2627 1206 2630 ’

255 2730 287 2786 et
307 2744 368 2786 non
390 2727 456 2786 siue
477 2727 614 2786 omnium
636 2727 866 2799 aedificatione,
887 2726 967 2786 illud
989 2731 1186 2803 praeserere

255 2823 403 2890 ruerunt,
426 2823 492 2879 tum
514 2824 550 2880 ut
570 2820 710 2881 infirmos
731 2821 896 2891 confortes,
912 2811 1048 2881 stavia
1067 2821 1186 2879 uberior

199 2989 202 3002 .
254 2920 302 2975 tes
323 2917 463 2984 reducas,
480 2931 538 2972 nou
561 2913 660 2972 solum
681 2913 874 2972 admonendo
895 2930 959 2984 eos,
972 2917 1010 2972 ut
1025 2931 1046 2972 a
1061 2931 1094 2974 se
1108 2911 1185 2970 datuu

254 3009 432 3068 scandalum
454 3005 584 3067 solliciti
613 3010 780 3083 reparent,
803 3006 972 3066 sedetiam
995 2999 1185 3083 praecipiendo

254 3102 286 3160 in
302 3101 424 3160 virtute
437 3102 563 3160 sanotae
584 3098 791 3172 obedientiae,
807 3116 886 3176 quae
900 3098 1045 3175 legitimo
1059 3093 1186 3159 Ecclesiae

168 3197 172 3204 ’
253 3195 379 3257 Pastori
400 3195 543 3266 debetur,
566 3197 602 3252 ut
622 3211 641 3251 a
660 3193 877 3269 qualicumque
899 3192 1028 3269 scripto,
1052 3193 1128 3269 quod
1146 3188 1187 3247 Nc-

254 3288 331 3348 stris
358 3287 456 3346 fuerit
483 3287 677 3347 documentis
709 3285 921 3358 contrarium,
944 3275 1188 3345 abstineantou'

255 3383 347 3438 auoit
369 3379 481 3451 Deum,
505 3379 600 3439 aedit
623 3397 699 3451 nos;
722 3381 781 3456 qui
801 3397 867 3438 non
889 3386 935 3438 est
962 3396 1005 3439 eo·
1032 3378 1116 3449 Deo,
1141 3386 1186 3430 avt

257 3471 353 3531 aedit
370 3490 438 3531 nos.
456 3471 498 3531 In
513 3472 569 3531 boo
582 3474 800 3549 coquoseimus
817 3471 978 3546 Spiritum
999 3465 1186 3537 ueritatistl
1205 3479 1206 3546 J
