2506 4200
410 247 447 263 -
470 216 528 278 125
549 181 596 262 -’

30 341 78 382 non
91 324 154 384 sine
167 324 309 401 plurima
329 323 425 386 animi
440 323 637 386 iucunditate
651 325 853 402 perlegimns3
867 326 977 402 plenae

30 418 96 478 enim
116 421 190 477 sunt
212 420 248 477 et
268 417 299 478 iu
321 418 495 495 episcopale
518 417 728 478 ministerium
751 419 868 492 studii,
891 423 925 480 et
945 419 977 481 in

29 512 89 580 Nos,
104 529 139 570 ac
159 510 375 588 Apostolicam
397 512 476 572 hanc
489 513 598 572 Sedom
615 512 743 587 pietatis
757 531 793 572 ae
808 513 976 574 observan-

31 604 79 662 tiae
98 609 181 664 tuae.
199 605 392 681 Pergratum
412 604 516 666 Nobis
531 605 594 665 fuit
615 606 662 665 tui
684 606 858 667 Pastoralis
878 605 976 666 animi

29 703 245 773 argumentum,
263 697 435 757 Instructio
456 715 577 774 nempe,
593 699 643 759 cni
665 699 791 759 titulus:
808 700 891 759 Avis
904 717 978 760 cone

28 800 146 850 ornant
169 789 342 853 l'coecrcice
363 793 408 851 du
428 791 462 852 S.
479 791 650 854 Ministerc
672 793 756 854 dans
779 796 822 853 lcs
840 795 978 854 circons-

27 890 127 956 tcccea,
143 884 178 944 in
202 904 265 962 qna
278 904 297 944 a
311 887 368 959 Te,
385 903 446 944 nna
467 903 535 945 cum
556 886 717 963 Episcopis
732 890 804 946 tuae
819 887 978 947 Rhomen-

27 976 60 1036 ris
75 979 262 1040 Provinciae
290 980 493 1052 concinnata,
516 981 644 1057 regulas
665 980 794 1056 exponis
813 981 973 1057 quasdam,

26 1086 69 1144 pro
87 1072 185 1131 sacris
207 1072 390 1132 exercendis
405 1073 502 1144 curis,
520 1075 557 1133 ad
580 1073 763 1132 hodiernum
780 1073 974 1134 Gallicarum

27 1179 113 1224 rerum
137 1168 261 1226 statum
274 1167 533 1241 accommodatas,
554 1184 706 1243 quamque
734 1183 791 1243 pro
816 1166 920 1226 debito
942 1167 974 1226 in

25 1255 52 1314 B.
65 1259 149 1319 Petri
171 1261 363 1320 cathedram
385 1259 532 1336 obsequio
546 1262 583 1318 ad
605 1261 670 1320 Nos
686 1258 902 1320 transmisisti.
914 1262 975 1320 Eas

28 1351 134 1428 regulas
155 1369 229 1412 cum
251 1353 396 1412 accurate
418 1369 474 1429 pro
495 1369 624 1412 munere
639 1353 755 1414 Nostro
776 1350 977 1429 perpenderi-

26 1457 90 1514 mus,
111 1443 218 1505 lacere
241 1446 381 1523 profecto
404 1463 466 1505 non
488 1462 660 1523 possumus,
683 1444 756 1521 quin
780 1441 974 1521 summopere

28 1534 224 1600 collaudemus
246 1558 315 1600 oum
337 1545 443 1615 tuam,
467 1545 534 1601 tum
562 1544 690 1600 tuorum
718 1539 869 1599 Fratrum
896 1555 983 1598 vere·

26 1624 224 1707 llpiscopalem
246 1633 502 1708 sollicitudinem,
518 1640 612 1710 atque
633 1633 749 1692 idcirco
770 1631 973 1707 etiam,qnod

27 1717 84 1780 hnic
97 1725 239 1808 §anctae
254 1727 327 1787 Sedi
349 1730 472 1789 easdem
493 1731 679 1787 reverenter
700 1724 880 1797 subieceris,
896 1741 972 1800 quas

28 1827 54 1868 eo
69 1818 162 1894 magis
184 1822 225 1880 ad
249 1821 420 1880 salutarem
450 1820 698 1894 laudabilemque
724 1817 836 1893 agendi
858 1817 975 1877 unifor-

28 1905 152 1970 mitatem
182 1914 216 1972 in
246 1916 301 1974 tun
332 1913 454 1974 illustri
478 1912 663 1983 Provincia,
686 1911 853 1970 schismate
875 1911 975 1971 adhuc

28 2010 256 2080 perseverante,
285 2007 502 2068 stabiliendam
532 2005 675 2064 conferre
703 2021 791 2081 posse
813 2006 975 2087 putamus,

29 2106 73 2164 llo
91 2099 190 2176 magis
211 2103 439 2162 consentaneae
460 2104 536 2160 sunt
557 2096 876 2176 praescriptionibus,
899 2113 975 2172 quas

29 2185 159 2253 edidimus
185 2193 315 2256 Nostris
341 2195 374 2253 in
402 2193 504 2254 forma
531 2191 643 2258 Brevis
669 2189 814 2263 litteris,
837 2189 974 2250 eiusdem

30 2276 126 2343 Gallici
147 2287 327 2347 schismatis
348 2305 453 2359 cansa,
478 2303 532 2346 nec
555 2302 614 2343 non
639 2287 671 2343 et
691 2284 872 2361 Responsis,
896 2301 975 2360 quae

30 2367 169 2454 dedimus,
193 2383 233 2440 de
254 2381 386 2442 consilio
407 2380 541 2440 selectae
564 2371 799 2439 venerabilium
821 2379 975 2438 Fratrum

29 2459 197 2534 Nostrorum
225 2476 258 2535 S.
276 2479 315 2537 R.
331 2478 368 2536 ll.
392 2474 605 2536 cardinalium
634 2471 913 2549 Congregationis,
936 2472 974 2531 ad

31 2552 150 2624 diuersas
170 2567 273 2630 Nobis
301 2567 478 2645 propositas
499 2565 706 2642 quaestiones.
732 2564 863 2626 Interim
877 2563 973 2636 vero,

30 2654 92 2720 luod
109 2659 153 2717 'l'e
173 2660 256 2721 scire
278 2661 434 2732 volumnS,
448 2662 514 2722 Nos
528 2675 654 2736 operam
677 2661 816 2718 nostram
831 2657 975 2717 conferre

32 2745 326 2812 ronintermittimns
340 2752 371 2812 in
387 2751 528 2830 generali
542 2751 753 2810 elucubranda
764 2749 974 2810 instructione

31 2834 59 2890 td
70 2837 183 2905 Galliae
195 2844 452 2923 Archiepiscopos
475 2845 685 2920 etllpiscopos
700 2849 875 2920 opportuno
891 2846 975 2902 tem·

33 2938 90 2996 l⁰re
103 2936 359 3009 transmittenda,
372 2955 461 3015 quac,
473 2939 574 3014 quoad
589 2935 660 2996 fieri
676 2942 793 3012 potest,
806 2934 974 3011 peridonea

33 3017 73 3092 ill,
91 3031 121 3087 et
140 3031 337 3109 gravissimis
358 3030 540 3108 reparandis
561 3029 682 3088 damnis
703 3047 722 3088 a
742 3025 973 3087 luctuosissimo

34 3111 177 3186 schismate
199 3122 361 3201 profectis,
383 3127 416 3183 et
437 3122 634 3183 restituendo
655 3121 687 3179 in
707 3120 876 3197 pristinum
897 3117 975 3178 reli·

34 3203 114 3276 gleni,
134 3216 165 3276 in
189 3217 246 3278 illo
267 3234 363 3295 regno
382 3216 555 3288 exercitio,
579 3219 614 3274 nt
636 3214 712 3274 haec
734 3231 770 3272 eo
792 3211 916 3274 facilius
937 3227 973 3271 ac

35 3307 236 3380 licentiosae
252 3309 389 3369 fidelium
406 3308 579 3368 utilitatem
595 3307 786 3378 reflorescat,
800 3323 860 3382 quo
875 3305 973 3381 magis

34 3381 157 3461 Pastores
171 3405 202 3461 in
219 3420 280 3461 uua
302 3405 467 3478 eademque
482 3401 569 3460 inter
583 3419 614 3459 se
630 3408 805 3476 congruant
818 3398 972 3459 sentiendi

36 3491 183 3571 agelidique
206 3494 339 3555 ratione.
357 3495 444 3563 Quod
466 3498 572 3554 autem
594 3500 718 3571 spectat
731 3493 975 3555 adinstruotio·
