2430 4202
24 293 134 350 leantur
148 293 214 350 tam
235 307 347 368 magno
368 289 471 350 animo
487 288 580 348 fuisse
594 288 698 360 Pium,
723 291 759 348 ut
780 305 870 364 pares
884 306 962 366 pau·

22 404 83 461 cos,
104 387 293 464 superiorem
320 385 467 447 habuerit
489 384 653 445 neminem.
676 382 726 444 Sit
747 402 783 444 ea
805 387 872 445 tota
892 384 961 444 laus

22 480 47 536 et
64 497 176 538 summo
198 479 346 556 Principe
366 477 562 556 dignissima,
585 481 618 538 et
638 496 675 538 ea
696 477 740 536 sic
761 477 837 536 Pius
857 477 963 536 excel-

22 569 121 645 luerit,
145 577 264 633 utnon
293 573 382 631 modo
404 573 581 649 complures
603 570 704 645 alios,
730 587 840 630 verum
865 569 960 630 etiam

21 665 127 741 seipse
156 664 245 725 visus
273 664 371 724 fuerit
399 682 574 741 superasse.
601 665 667 724 Nec
697 664 780 723 enim
805 660 960 722 minuendi

22 775 113 818 caussa
140 777 193 818 res
223 776 357 818 summas
379 758 679 836 praetermittendas
706 775 773 818 esse
800 757 877 816 mihi
899 758 964 816 sta·

22 851 69 911 tui.
90 852 147 911 Sed
171 851 289 912 sicum
311 853 368 911 hac
390 851 605 928 magnitudine
627 851 722 910 animi
744 851 960 924 conferuntur,

21 961 69 1018 qna
94 962 143 1004 res
171 944 330 1004 Ecclesiae
358 943 539 1006 catholicae
568 945 713 1004 Summus
734 945 883 1005 Pontifex
906 963 963 1022 ag·

22 1054 129 1112 gressus
151 1041 223 1112 est;
253 1055 307 1097 eae
329 1038 435 1097 laudes
464 1039 502 1098 ab
527 1039 596 1112 his,
618 1057 694 1116 quas
715 1040 754 1099 ob
774 1039 905 1100 collatas
929 1039 961 1100 in

21 1128 103 1204 ipsam
125 1149 219 1191 curas
234 1134 265 1189 et
280 1129 507 1191 sollicitudines
528 1135 736 1208 consequutus
756 1134 816 1204 est,
832 1132 880 1191 ita
892 1132 962 1192 vin·

21 1229 138 1297 cuntur,
162 1243 199 1286 ac
221 1223 441 1302 propemodum
463 1227 674 1299 evanescunt,
698 1227 734 1284 ut
754 1226 874 1286 oriente
896 1226 962 1285 sole

21 1314 143 1392 reliquus
167 1316 267 1376 omnis
289 1317 424 1378 aliorum
447 1317 584 1378 siderum
606 1319 710 1396 fulgor
732 1319 873 1390 excedit,
897 1320 963 1396 pla·

21 1426 103 1486 neque
124 1409 249 1470 occidit.
270 1411 315 1470 Ac
337 1410 453 1469 vellem
473 1411 614 1488 equidem
636 1415 760 1472 tentum
781 1411 857 1470 mihi
879 1415 962 1472 esset

19 1503 229 1564 addicendum
251 1502 414 1562 facultatis
435 1505 468 1562 et
488 1504 659 1580 temporis,
682 1507 832 1581 quantum
855 1522 961 1566 rerum

20 1593 160 1671 dignitas,
186 1599 220 1656 et
242 1595 414 1672 amplitudo
435 1595 624 1672 postularet.
648 1597 707 1656 Sed
729 1595 851 1674 quando
872 1601 905 1656 et
925 1615 962 1659 ea
1045 1625 1050 1640 ι

20 1688 58 1747 ris
76 1690 191 1750 doloris
212 1693 272 1762 est,
294 1707 373 1767 quae
395 1706 461 1748 sese
482 1689 623 1767 singultu
646 1690 756 1767 magis,
779 1708 870 1766 quam
891 1707 963 1751 ora·

21 1781 89 1843 tione
109 1786 243 1861 prodere
265 1784 441 1858 desideret3
472 1801 528 1843 nec
550 1784 649 1843 mains
671 1785 819 1860 quoddam
842 1784 906 1844 iter
926 1803 962 1845 ac

21 1875 128 1952 dignius
148 1882 242 1937 tanto
255 1877 409 1937 Pontifice
432 1895 592 1954 capessere
614 1878 652 1937 cb
673 1877 835 1955 angustias
855 1895 963 1953 possu-

21 1984 90 2044 nus3
113 1988 173 2029 non
198 1972 264 2028 tam
285 1987 337 2029 res
358 1987 516 2041 summas,
538 1987 630 2047 quam
652 1987 771 2030 summa
791 1969 960 2030 earundem

20 2062 109 2138 capita
129 2078 310 2139 persequar.
334 2063 398 2123 Nec
424 2061 507 2121 enim
535 2062 697 2139 quisquam
726 2067 775 2121 est
795 2065 960 2135 vestrum,

19 2154 115 2218 Patres
136 2155 336 2233 amplissimi,
358 2156 411 2233 qui
433 2157 495 2217 iam
517 2157 588 2216 inde
609 2158 705 2217 abeo
727 2160 885 2234 tempore,
902 2172 962 2232 quc

19 2247 80 2308 Pius
101 2251 220 2309 Sextus
247 2249 396 2309 Pontifex
422 2251 578 2310 Maximus
606 2249 781 2328 appellatus
807 2252 877 2323 est,
902 2267 961 2308 non

19 2340 122 2402 viderit
147 2346 252 2403 atram
281 2341 369 2402 illam
398 2347 660 2420 consurgentem,
683 2362 855 2422 magnaque
882 2343 961 2403 caeli

17 2443 93 2510 parte
115 2443 342 2516 pervagantem
365 2439 494 2510 nubem,
519 2459 535 2499 e
556 2459 617 2517 qua
638 2443 726 2501 ferox
746 2441 809 2502 ista
822 2440 963 2518 procella

18 2537 155 2606 eruptura
178 2535 269 2599 erat,
291 2548 370 2608 quac
396 2538 429 2592 et
455 2533 634 2607 Ecclesiae,
656 2538 689 2594 et
710 2534 801 2594 bonis
821 2535 962 2594 omnibus

17 2627 145 2683 extrema
168 2641 304 2701 quaeque
326 2624 410 2684 mala
431 2628 464 2684 et
485 2625 632 2686 minitata
652 2629 718 2700 est,
741 2631 774 2688 et
795 2628 889 2689 etiarn
911 2631 962 2689 at·

18 2715 92 2776 tulit.
116 2720 200 2778 Sunt
221 2718 332 2792 adhuc,
354 2720 448 2795 atque
471 2722 507 2778 ut
527 2719 579 2779 diu
602 2722 665 2779 sint
687 2722 906 2797 percupimus,
929 2721 961 2779 in

17 2805 62 2866 hoc
81 2811 315 2888 Angustissimo
337 2815 444 2871 vestro
465 2811 594 2884 ordine,
617 2813 670 2888 qui
692 2832 751 2873 non
778 2814 862 2873 alind
885 2811 962 2873 obii-

16 2900 145 2964 ciendum
160 2903 256 2964 fuisse
275 2907 325 2964 tot
344 2907 418 2964 tunc
436 2904 856 2982 impendentibuspericulis,
868 2921 960 2981 quam

17 2991 56 3051 Pii
71 2997 159 3057 Sexti
175 3001 283 3072 pectus
298 2997 478 3071 statuistis3
494 3015 625 3074 quorum
640 3015 732 3074 quam
749 3014 856 3074 grave,
869 3014 960 3073 quam

16 3083 134 3162 iustum,
158 3107 250 3166 quam
273 3090 480 3150 necessarium
503 3089 601 3149 fuerit
620 3089 785 3162 iudicium,
801 3091 871 3149 tota
890 3107 961 3147 con·

16 3183 128 3256 sequuti
151 3183 302 3260 temporis
324 3177 406 3244 rati'o
429 3182 613 3244 declaravit.
630 3181 712 3241 Illud
731 3200 807 3260 ergo
822 3182 963 3244 restabat

15 3278 242 3347 agnoscendum,
266 3293 304 3336 an
326 3279 408 3336 esset
428 3275 533 3352 reipsa
550 3275 625 3334 Pius
646 3274 802 3335 allaturus
823 3277 960 3339 animum

16 3365 46 3422 ad
69 3367 221 3429 instantia
245 3368 385 3446 pericula
410 3386 517 3447 parem
538 3369 589 3442 ei,
611 3385 702 3444 quam
728 3369 835 3430 afferri
862 3371 901 3431 ab
925 3389 961 3432 eo

16 3475 93 3534 posse
115 3464 323 3524 iudicavistis.
