<?xml version="1.0" encoding="UTF-8"?>
<!DOCTYPE html PUBLIC "-//W3C//DTD XHTML 1.0 Transitional//EN"
    "http://www.w3.org/TR/xhtml1/DTD/xhtml1-transitional.dtd">
<html xmlns="http://www.w3.org/1999/xhtml" xml:lang="en" lang="en">
 <head>
  <title>
</title>
<meta http-equiv="Content-Type" content="text/html;charset=utf-8" />
  <meta name='ocr-system' content='tesseract 3.04.00' />
  <meta name='ocr-capabilities' content='ocr_page ocr_carea ocr_par ocr_line ocrx_word'/>
</head>
<body>
  <div class='ocr_page' id='page_1' title='image "./piivipontmaxact01piusgoog_0157.png"; bbox 0 0 2424 4196; ppageno 0'>
   <div class='ocr_carea' id='block_1_1' title="bbox 398 253 578 315">
    <p class='ocr_par' dir='ltr' id='par_1_1' title="bbox 398 253 578 315">
     <span class='ocr_line' id='line_1_1' title="bbox 398 253 578 315; baseline 0.011 -2"><span class='ocrx_word' id='word_1_1' title='bbox 398 253 578 315; x_wconf 74' lang='lat'>-149-</span> 
     </span>
    </p>
   </div>
   <div class='ocr_carea' id='block_1_2' title="bbox 16 355 978 2586">
    <p class='ocr_par' dir='ltr' id='par_1_2' title="bbox 21 355 976 794">
     <span class='ocr_line' id='line_1_2' title="bbox 22 355 975 436; baseline 0.005 -23"><span class='ocrx_word' id='word_1_2' title='bbox 22 355 223 435; x_wconf 77' lang='lat' dir='ltr'><strong>indulgentias</strong></span> <span class='ocrx_word' id='word_1_3' title='bbox 244 358 307 419; x_wconf 89' lang='lat' dir='ltr'><strong>iam</strong></span> <span class='ocrx_word' id='word_1_4' title='bbox 327 375 506 420; x_wconf 85' lang='lat' dir='ltr'><strong>concessas:</strong></span> <span class='ocrx_word' id='word_1_5' title='bbox 531 362 598 419; x_wconf 90' lang='lat' dir='ltr'><strong>tnm</strong></span> <span class='ocrx_word' id='word_1_6' title='bbox 621 357 718 420; x_wconf 90' lang='lat' dir='ltr'><strong>etiam</strong></span> <span class='ocrx_word' id='word_1_7' title='bbox 740 356 883 436; x_wconf 81' lang='lat' dir='ltr'><strong>praefata</strong></span> <span class='ocrx_word' id='word_1_8' title='bbox 903 362 975 435; x_wconf 78' lang='lat' dir='ltr'><strong>post</strong></span> 
     </span>
     <span class='ocr_line' id='line_1_3' title="bbox 21 449 975 530; baseline 0.004 -22"><span class='ocrx_word' id='word_1_9' title='bbox 21 449 207 511; x_wconf 88' lang='lat' dir='ltr'><strong>Pontificiam</strong></span> <span class='ocrx_word' id='word_1_10' title='bbox 228 453 484 512; x_wconf 83' lang='lat' dir='ltr'><strong>Benedictionem</strong></span> <span class='ocrx_word' id='word_1_11' title='bbox 512 452 609 511; x_wconf 85' lang='lat' dir='ltr'><strong>vendi</strong></span> <span class='ocrx_word' id='word_1_12' title='bbox 631 469 689 511; x_wconf 92' lang='lat' dir='ltr'><strong>non</strong></span> <span class='ocrx_word' id='word_1_13' title='bbox 717 452 860 530; x_wconf 81' lang='lat' dir='ltr'><strong>possint,</strong></span> <span class='ocrx_word' id='word_1_14' title='bbox 883 451 975 512; x_wconf 83' lang='lat' dir='ltr'><strong>iuxta</strong></span> 
     </span>
     <span class='ocr_line' id='line_1_4' title="bbox 21 543 976 623; baseline 0.004 -22"><span class='ocrx_word' id='word_1_15' title='bbox 21 543 245 620; x_wconf 81' lang='lat' dir='ltr'><strong>dispositionem</strong></span> <span class='ocrx_word' id='word_1_16' title='bbox 266 545 396 606; x_wconf 78' lang='lat' dir='ltr'><strong>Decreta·</strong></span> <span class='ocrx_word' id='word_1_17' title='bbox 421 545 543 608; x_wconf 71' lang='lat' dir='ltr'><strong>socru</strong></span> <span class='ocrx_word' id='word_1_18' title='bbox 565 544 836 623; x_wconf 72' lang='lat' dir='ltr'><strong>congregationis</strong></span> <span class='ocrx_word' id='word_1_19' title='bbox 863 545 976 605; x_wconf 73' lang='lat' dir='ltr'><strong>indul»</strong></span> 
     </span>
     <span class='ocr_line' id='line_1_5' title="bbox 22 636 975 718; baseline 0.001 -24"><span class='ocrx_word' id='word_1_20' title='bbox 22 639 198 711; x_wconf 71' lang='lat' dir='ltr'><strong>gentian-um</strong></span> <span class='ocrx_word' id='word_1_21' title='bbox 229 647 261 700; x_wconf 79' lang='lat' dir='ltr'><strong>et</strong></span> <span class='ocrx_word' id='word_1_22' title='bbox 292 639 469 701; x_wconf 79' lang='lat' dir='ltr'><strong>Sacrorum</strong></span> <span class='ocrx_word' id='word_1_23' title='bbox 497 641 748 718; x_wconf 80' lang='lat' dir='ltr'><strong>Reliquiarum,</strong></span> <span class='ocrx_word' id='word_1_24' title='bbox 775 637 854 705; x_wconf 88' lang='lat' dir='ltr'><strong>editi</strong></span> <span class='ocrx_word' id='word_1_25' title='bbox 874 636 975 699; x_wconf 69' lang='lat' dir='ltr'><strong>dieo</strong></span> 
     </span>
     <span class='ocr_line' id='line_1_6' title="bbox 21 729 222 794; baseline 0.03 -7"><span class='ocrx_word' id='word_1_26' title='bbox 21 729 102 790; x_wconf 80' lang='lat' dir='ltr'><strong>lunii</strong></span> <span class='ocrx_word' id='word_1_27' title='bbox 122 731 222 794; x_wconf 85' lang='grc'><strong><em>1721.</em></strong></span> 
     </span>
    </p>

    <p class='ocr_par' dir='ltr' id='par_1_3' title="bbox 18 825 975 1468">
     <span class='ocr_line' id='line_1_7' title="bbox 68 825 975 902; baseline 0.001 -19"><span class='ocrx_word' id='word_1_28' title='bbox 68 825 199 902; x_wconf 82' lang='lat' dir='ltr'><strong>Insuper</strong></span> <span class='ocrx_word' id='word_1_29' title='bbox 219 826 378 886; x_wconf 78' lang='lat' dir='ltr'><strong>Sanctitas</strong></span> <span class='ocrx_word' id='word_1_30' title='bbox 389 827 465 888; x_wconf 84' lang='lat' dir='ltr'><strong>&#39;Sua</strong></span> <span class='ocrx_word' id='word_1_31' title='bbox 484 826 651 886; x_wconf 83' lang='lat' dir='ltr'><strong>confirmat</strong></span> <span class='ocrx_word' id='word_1_32' title='bbox 670 827 838 886; x_wconf 78' lang='lat' dir='ltr'><strong>Decretum</strong></span> <span class='ocrx_word' id='word_1_33' title='bbox 852 825 910 901; x_wconf 73' lang='lat' dir='ltr'><strong>fel.</strong></span> <span class='ocrx_word' id='word_1_34' title='bbox 922 839 975 884; x_wconf 84' lang='lat' dir='ltr'><strong>re·</strong></span> 
     </span>
     <span class='ocr_line' id='line_1_8' title="bbox 20 915 971 995; baseline 0 -21"><span class='ocrx_word' id='word_1_35' title='bbox 20 915 92 975; x_wconf 81' lang='lat' dir='ltr'><strong>cord.</strong></span> <span class='ocrx_word' id='word_1_36' title='bbox 108 917 284 979; x_wconf 71' lang='lat' dir='ltr'><strong>Benedicti</strong></span> <span class='ocrx_word' id='word_1_37' title='bbox 297 918 448 979; x_wconf 77' lang='lat' dir='ltr'><strong>Xleao</strong></span> <span class='ocrx_word' id='word_1_38' title='bbox 463 919 578 979; x_wconf 78' lang='lat' dir='ltr'><strong>dutum</strong></span> <span class='ocrx_word' id='word_1_39' title='bbox 592 919 645 979; x_wconf 83' lang='lat' dir='ltr'><strong>die</strong></span> <span class='ocrx_word' id='word_1_40' title='bbox 660 917 702 977; x_wconf 88' lang='grc'><strong>19</strong></span> <span class='ocrx_word' id='word_1_41' title='bbox 715 919 860 995; x_wconf 73' lang='lat' dir='ltr'><strong>Augusti</strong></span> <span class='ocrx_word' id='word_1_42' title='bbox 875 915 971 990; x_wconf 82' lang='lat'><strong>1⁷52,</strong></span> 
     </span>
     <span class='ocr_line' id='line_1_9' title="bbox 19 1014 975 1094; baseline 0.005 -25"><span class='ocrx_word' id='word_1_43' title='bbox 19 1029 67 1087; x_wconf 86' lang='lat' dir='ltr'><strong>qno</strong></span> <span class='ocrx_word' id='word_1_44' title='bbox 86 1032 235 1091; x_wconf 84' lang='lat' dir='ltr'><strong>expresse</strong></span> <span class='ocrx_word' id='word_1_45' title='bbox 258 1018 399 1077; x_wconf 80' lang='lat' dir='ltr'><strong>declarat</strong></span> <span class='ocrx_word' id='word_1_46' title='bbox 414 1016 541 1078; x_wconf 87' lang='lat' dir='ltr'><strong>Missam</strong></span> <span class='ocrx_word' id='word_1_47' title='bbox 555 1018 593 1077; x_wconf 87' lang='lat' dir='ltr'><strong>ad</strong></span> <span class='ocrx_word' id='word_1_48' title='bbox 615 1015 718 1077; x_wconf 86' lang='lat' dir='ltr'><strong>altana</strong></span> <span class='ocrx_word' id='word_1_49' title='bbox 734 1015 778 1094; x_wconf 93' lang='lat' dir='ltr'><strong>(in</strong></span> <span class='ocrx_word' id='word_1_50' title='bbox 794 1033 853 1092; x_wconf 90' lang='lat' dir='ltr'><strong>quo</strong></span> <span class='ocrx_word' id='word_1_51' title='bbox 866 1014 975 1090; x_wconf 87' lang='lat' dir='ltr'><strong>aliqua</strong></span> 
     </span>
     <span class='ocr_line' id='line_1_10' title="bbox 18 1107 973 1186; baseline 0.006 -24"><span class='ocrx_word' id='word_1_52' title='bbox 18 1121 50 1162; x_wconf 85' lang='lat' dir='ltr'><strong>ex</strong></span> <span class='ocrx_word' id='word_1_53' title='bbox 73 1107 226 1182; x_wconf 77' lang='lat' dir='ltr'><strong>praefatis</strong></span> <span class='ocrx_word' id='word_1_54' title='bbox 254 1109 321 1169; x_wconf 79' lang='lat' dir='ltr'><strong>sive</strong></span> <span class='ocrx_word' id='word_1_55' title='bbox 349 1109 522 1182; x_wconf 81' lang='lat' dir='ltr'><strong>Onuoiflxi,</strong></span> <span class='ocrx_word' id='word_1_56' title='bbox 545 1109 613 1170; x_wconf 83' lang='lat' dir='ltr'><strong>sivo</strong></span> <span class='ocrx_word' id='word_1_57' title='bbox 633 1108 840 1171; x_wconf 86' lang='lat' dir='ltr'><strong>Numismatis</strong></span> <span class='ocrx_word' id='word_1_58' title='bbox 870 1107 973 1186; x_wconf 83' lang='lat' dir='ltr'><strong>imago</strong></span> 
     </span>
     <span class='ocr_line' id='line_1_11' title="bbox 18 1202 973 1282; baseline 0.003 -26"><span class='ocrx_word' id='word_1_59' title='bbox 18 1213 128 1276; x_wconf 89' lang='lat' dir='ltr'><strong>quoquo</strong></span> <span class='ocrx_word' id='word_1_60' title='bbox 152 1203 243 1262; x_wconf 93' lang='lat' dir='ltr'><strong>modo</strong></span> <span class='ocrx_word' id='word_1_61' title='bbox 264 1203 418 1265; x_wconf 88' lang='lat' dir='ltr'><strong>collocata</strong></span> <span class='ocrx_word' id='word_1_62' title='bbox 439 1203 549 1282; x_wconf 83' lang='lat' dir='ltr'><strong>fuerit)</strong></span> <span class='ocrx_word' id='word_1_63' title='bbox 571 1203 682 1277; x_wconf 85' lang='lat' dir='ltr'><strong>lactas,</strong></span> <span class='ocrx_word' id='word_1_64' title='bbox 697 1202 765 1263; x_wconf 83' lang='lat' dir='ltr'><strong>siue</strong></span> <span class='ocrx_word' id='word_1_65' title='bbox 779 1220 798 1263; x_wconf 90' lang='lat' dir='ltr'><strong>a</strong></span> <span class='ocrx_word' id='word_1_66' title='bbox 811 1203 973 1261; x_wconf 83' lang='lat' dir='ltr'><strong>sacerdote</strong></span> 
     </span>
     <span class='ocr_line' id='line_1_12' title="bbox 18 1290 974 1375; baseline 0.005 -27"><span class='ocrx_word' id='word_1_67' title='bbox 18 1290 184 1354; x_wconf 86' lang='lat' dir='ltr'><strong>huiusmodi</strong></span> <span class='ocrx_word' id='word_1_68' title='bbox 201 1295 368 1375; x_wconf 84' lang='lat' dir='ltr'><strong>imaginem</strong></span> <span class='ocrx_word' id='word_1_69' title='bbox 388 1315 493 1358; x_wconf 89' lang='lat' dir='ltr'><strong>secum</strong></span> <span class='ocrx_word' id='word_1_70' title='bbox 514 1299 648 1359; x_wconf 87' lang='lat' dir='ltr'><strong>habente</strong></span> <span class='ocrx_word' id='word_1_71' title='bbox 661 1296 849 1367; x_wconf 81' lang='lat' dir='ltr'><strong>celebratas,</strong></span> <span class='ocrx_word' id='word_1_72' title='bbox 866 1293 974 1370; x_wconf 82' lang='lat' dir='ltr'><strong>vigore</strong></span> 
     </span>
     <span class='ocr_line' id='line_1_13' title="bbox 18 1381 911 1468; baseline 0.004 -25"><span class='ocrx_word' id='word_1_73' title='bbox 18 1381 107 1445; x_wconf 87' lang='lat' dir='ltr'><strong>dictae</strong></span> <span class='ocrx_word' id='word_1_74' title='bbox 129 1386 290 1466; x_wconf 83' lang='lat' dir='ltr'><strong>imaginis,</strong></span> <span class='ocrx_word' id='word_1_75' title='bbox 313 1390 401 1450; x_wconf 91' lang='lat' dir='ltr'><strong>nullo</strong></span> <span class='ocrx_word' id='word_1_76' title='bbox 422 1408 550 1468; x_wconf 85' lang='lat' dir='ltr'><strong>prorsus</strong></span> <span class='ocrx_word' id='word_1_77' title='bbox 573 1391 708 1468; x_wconf 83' lang='lat' dir='ltr'><strong>gaudena</strong></span> <span class='ocrx_word' id='word_1_78' title='bbox 730 1388 911 1466; x_wconf 86' lang='lat' dir='ltr'><strong>privilegio.</strong></span> 
     </span>
    </p>

    <p class='ocr_par' dir='ltr' id='par_1_4' title="bbox 16 1471 978 2112">
     <span class='ocr_line' id='line_1_14' title="bbox 67 1471 976 1560; baseline 0.001 -23"><span class='ocrx_word' id='word_1_79' title='bbox 67 1479 239 1541; x_wconf 79' lang='lat' dir='ltr'><strong>Praeterea</strong></span> <span class='ocrx_word' id='word_1_80' title='bbox 252 1487 354 1557; x_wconf 85' lang='lat' dir='ltr'><strong>vetat,</strong></span> <span class='ocrx_word' id='word_1_81' title='bbox 371 1501 409 1542; x_wconf 87' lang='lat' dir='ltr'><strong>ne</strong></span> <span class='ocrx_word' id='word_1_82' title='bbox 431 1483 606 1560; x_wconf 85' lang='lat' dir='ltr'><strong>quisquam,</strong></span> <span class='ocrx_word' id='word_1_83' title='bbox 622 1501 712 1560; x_wconf 89' lang='lat' dir='ltr'><strong>quem</strong></span> <span class='ocrx_word' id='word_1_84' title='bbox 727 1481 861 1541; x_wconf 82' lang='lat' dir='ltr'><strong>infirmis</strong></span> <span class='ocrx_word' id='word_1_85' title='bbox 875 1471 976 1539; x_wconf 76' lang='lat' dir='ltr'><strong>monui</strong></span> 
     </span>
     <span class='ocr_line' id='line_1_15' title="bbox 19 1571 978 1654; baseline 0.004 -27"><span class='ocrx_word' id='word_1_86' title='bbox 19 1573 162 1642; x_wconf 84' lang='lat' dir='ltr'><strong>proximis</strong></span> <span class='ocrx_word' id='word_1_87' title='bbox 181 1574 330 1636; x_wconf 85' lang='lat' dir='ltr'><strong>assistere</strong></span> <span class='ocrx_word' id='word_1_88' title='bbox 355 1575 546 1654; x_wconf 85' lang='lat' dir='ltr'><strong>contigerit,</strong></span> <span class='ocrx_word' id='word_1_89' title='bbox 568 1576 816 1638; x_wconf 88' lang='lat' dir='ltr'><strong>benedictionem</strong></span> <span class='ocrx_word' id='word_1_90' title='bbox 837 1589 906 1633; x_wconf 91' lang='lat' dir='ltr'><strong>cnm</strong></span> <span class='ocrx_word' id='word_1_91' title='bbox 928 1571 978 1631; x_wconf 88' lang='lat' dir='ltr'><strong>in·</strong></span> 
     </span>
     <span class='ocr_line' id='line_1_16' title="bbox 19 1660 976 1745; baseline 0.001 -25"><span class='ocrx_word' id='word_1_92' title='bbox 19 1663 175 1742; x_wconf 83' lang='lat' dir='ltr'><strong>dulgentia</strong></span> <span class='ocrx_word' id='word_1_93' title='bbox 188 1667 331 1744; x_wconf 81' lang='lat' dir='ltr'><strong>plenaria</strong></span> <span class='ocrx_word' id='word_1_94' title='bbox 342 1667 377 1727; x_wconf 89' lang='lat' dir='ltr'><strong>in</strong></span> <span class='ocrx_word' id='word_1_95' title='bbox 399 1669 535 1729; x_wconf 83' lang='lat' dir='ltr'><strong>articulo</strong></span> <span class='ocrx_word' id='word_1_96' title='bbox 549 1667 660 1729; x_wconf 86' lang='lat' dir='ltr'><strong>montis</strong></span> <span class='ocrx_word' id='word_1_97' title='bbox 672 1668 781 1745; x_wconf 82' lang='lat' dir='ltr'><strong>vigore</strong></span> <span class='ocrx_word' id='word_1_98' title='bbox 797 1660 976 1726; x_wconf 91' lang='lat' dir='ltr'><strong>huiusmodi</strong></span> 
     </span>
     <span class='ocr_line' id='line_1_17' title="bbox 18 1755 974 1840; baseline 0.009 -26"><span class='ocrx_word' id='word_1_99' title='bbox 18 1755 165 1838; x_wconf 88' lang='lat' dir='ltr'><strong>imaginis,</strong></span> <span class='ocrx_word' id='word_1_100' title='bbox 187 1760 253 1822; x_wconf 90' lang='lat' dir='ltr'><strong>illis</strong></span> <span class='ocrx_word' id='word_1_101' title='bbox 273 1762 433 1840; x_wconf 78' lang='lat' dir='ltr'><strong>impertiri</strong></span> <span class='ocrx_word' id='word_1_102' title='bbox 455 1766 569 1823; x_wconf 89' lang='lat' dir='ltr'><strong>audeat</strong></span> <span class='ocrx_word' id='word_1_103' title='bbox 590 1763 657 1823; x_wconf 91' lang='lat' dir='ltr'><strong>sine</strong></span> <span class='ocrx_word' id='word_1_104' title='bbox 678 1761 807 1839; x_wconf 82' lang='lat' dir='ltr'><strong>speciali</strong></span> <span class='ocrx_word' id='word_1_105' title='bbox 821 1761 974 1822; x_wconf 79' lang='lat' dir='ltr'><strong>facultate</strong></span> 
     </span>
     <span class='ocr_line' id='line_1_18' title="bbox 17 1850 973 1934; baseline 0.005 -25"><span class='ocrx_word' id='word_1_106' title='bbox 17 1850 44 1910; x_wconf 95' lang='lat' dir='ltr'><strong>in</strong></span> <span class='ocrx_word' id='word_1_107' title='bbox 58 1853 184 1932; x_wconf 82' lang='lat' dir='ltr'><strong>scriptis</strong></span> <span class='ocrx_word' id='word_1_108' title='bbox 205 1857 346 1929; x_wconf 88' lang='lat' dir='ltr'><strong>obtenta,</strong></span> <span class='ocrx_word' id='word_1_109' title='bbox 363 1856 507 1934; x_wconf 88' lang='lat' dir='ltr'><strong>quoniam</strong></span> <span class='ocrx_word' id='word_1_110' title='bbox 528 1859 567 1918; x_wconf 90' lang='lat' dir='ltr'><strong>ad</strong></span> <span class='ocrx_word' id='word_1_111' title='bbox 589 1855 767 1916; x_wconf 89' lang='lat' dir='ltr'><strong>huiusmodi</strong></span> <span class='ocrx_word' id='word_1_112' title='bbox 780 1855 925 1915; x_wconf 82' lang='lat' dir='ltr'><strong>effectum</strong></span> <span class='ocrx_word' id='word_1_113' title='bbox 940 1854 973 1914; x_wconf 92' lang='lat' dir='ltr'><strong>in</strong></span> 
     </span>
     <span class='ocr_line' id='line_1_19' title="bbox 19 1944 974 2028; baseline 0.008 -26"><span class='ocrx_word' id='word_1_114' title='bbox 19 1944 241 2009; x_wconf 76' lang='lat' dir='ltr'><strong>constitutione</strong></span> <span class='ocrx_word' id='word_1_115' title='bbox 249 1950 422 2012; x_wconf 75' lang='lat' dir='ltr'><strong>Benedicti</strong></span> <span class='ocrx_word' id='word_1_116' title='bbox 438 1951 489 2010; x_wconf 84' lang='lat' dir='ltr'><strong>XI</strong></span> <span class='ocrx_word' id='word_1_117' title='bbox 494 1949 675 2028; x_wconf 86' lang='lat' dir='ltr'><strong>Vinoipien.</strong></span> <span class='ocrx_word' id='word_1_118' title='bbox 685 1950 752 2009; x_wconf 84' lang='lat' dir='ltr'><strong>Pia</strong></span> <span class='ocrx_word' id='word_1_119' title='bbox 762 1949 882 2021; x_wconf 82' lang='lat' dir='ltr'><strong>Mater,</strong></span> <span class='ocrx_word' id='word_1_120' title='bbox 895 1949 974 2010; x_wconf 85' lang='lat' dir='ltr'><strong>satis</strong></span> 
     </span>
     <span class='ocr_line' id='line_1_20' title="bbox 16 2039 346 2112; baseline 0.021 -16"><span class='ocrx_word' id='word_1_121' title='bbox 16 2039 168 2112; x_wconf 77' lang='lat' dir='ltr'><strong>provisum</strong></span> <span class='ocrx_word' id='word_1_122' title='bbox 190 2041 250 2102; x_wconf 92' lang='lat' dir='ltr'><strong>iam</strong></span> <span class='ocrx_word' id='word_1_123' title='bbox 272 2043 346 2104; x_wconf 81' lang='lat' dir='ltr'><strong>fnit.</strong></span> 
     </span>
    </p>

    <p class='ocr_par' dir='ltr' id='par_1_5' title="bbox 17 2134 976 2586">
     <span class='ocr_line' id='line_1_21' title="bbox 68 2134 975 2211; baseline 0.003 -19"><span class='ocrx_word' id='word_1_124' title='bbox 68 2134 125 2192; x_wconf 82' lang='lat' dir='ltr'><strong>Eo</strong></span> <span class='ocrx_word' id='word_1_125' title='bbox 145 2139 279 2211; x_wconf 78' lang='lat' dir='ltr'><strong>speciali</strong></span> <span class='ocrx_word' id='word_1_126' title='bbox 293 2140 490 2198; x_wconf 79' lang='lat' dir='ltr'><strong>auctoritate</strong></span> <span class='ocrx_word' id='word_1_127' title='bbox 501 2154 523 2196; x_wconf 86' lang='lat' dir='ltr'><strong>c</strong></span> <span class='ocrx_word' id='word_1_128' title='bbox 532 2135 745 2198; x_wconf 70' lang='lat' dir='ltr'><strong>sanctissimo</strong></span> <span class='ocrx_word' id='word_1_129' title='bbox 759 2135 898 2196; x_wconf 79' lang='lat' dir='ltr'><strong>Domino</strong></span> <span class='ocrx_word' id='word_1_130' title='bbox 911 2135 975 2195; x_wconf 90' lang='grc' dir='ltr'><strong>Νο-</strong></span> 
     </span>
     <span class='ocr_line' id='line_1_22' title="bbox 18 2227 975 2308; baseline 0.007 -25"><span class='ocrx_word' id='word_1_131' title='bbox 18 2232 75 2284; x_wconf 81' lang='lat' dir='ltr'><strong>stro</strong></span> <span class='ocrx_word' id='word_1_132' title='bbox 89 2227 185 2304; x_wconf 82' lang='lat' dir='ltr'><strong>Papo</strong></span> <span class='ocrx_word' id='word_1_133' title='bbox 205 2227 281 2289; x_wconf 91' lang='lat' dir='ltr'><strong>PIO</strong></span> <span class='ocrx_word' id='word_1_134' title='bbox 299 2230 347 2289; x_wconf 85' lang='lat' dir='ltr'><strong>VI</strong></span> <span class='ocrx_word' id='word_1_135' title='bbox 358 2239 490 2291; x_wconf 81' lang='lat' dir='ltr'><strong>sanctae</strong></span> <span class='ocrx_word' id='word_1_136' title='bbox 513 2232 696 2302; x_wconf 82' lang='lat' dir='ltr'><strong>memoriae,</strong></span> <span class='ocrx_word' id='word_1_137' title='bbox 718 2229 816 2289; x_wconf 78' lang='lat' dir='ltr'><strong>Nobis</strong></span> <span class='ocrx_word' id='word_1_138' title='bbox 836 2232 975 2308; x_wconf 76' lang='lat' dir='ltr'><strong>benigna</strong></span> 
     </span>
     <span class='ocr_line' id='line_1_23' title="bbox 18 2321 976 2402; baseline 0.007 -26"><span class='ocrx_word' id='word_1_139' title='bbox 18 2335 154 2379; x_wconf 80' lang='lat' dir='ltr'><strong>concessa</strong></span> <span class='ocrx_word' id='word_1_140' title='bbox 175 2324 231 2381; x_wconf 82' lang='lat' dir='ltr'><strong>sub</strong></span> <span class='ocrx_word' id='word_1_141' title='bbox 256 2323 310 2383; x_wconf 86' lang='lat' dir='ltr'><strong>die</strong></span> <span class='ocrx_word' id='word_1_142' title='bbox 331 2323 375 2382; x_wconf 86' lang='grc'><strong>26</strong></span> <span class='ocrx_word' id='word_1_143' title='bbox 391 2323 512 2383; x_wconf 83' lang='lat' dir='ltr'><strong>Martii</strong></span> <span class='ocrx_word' id='word_1_144' title='bbox 527 2321 613 2381; x_wconf 82' lang='lat'><strong><em>1797</em></strong></span> <span class='ocrx_word' id='word_1_145' title='bbox 623 2325 818 2402; x_wconf 70' lang='lat' dir='ltr'><strong>fucultatem</strong></span> <span class='ocrx_word' id='word_1_146' title='bbox 838 2340 976 2384; x_wconf 76' lang='lat' dir='ltr'><strong>commu·</strong></span> 
     </span>
     <span class='ocr_line' id='line_1_24' title="bbox 17 2413 975 2478; baseline 0.009 -11"><span class='ocrx_word' id='word_1_147' title='bbox 17 2413 158 2472; x_wconf 77' lang='lat' dir='ltr'><strong>uiuamus</strong></span> <span class='ocrx_word' id='word_1_148' title='bbox 177 2415 365 2477; x_wconf 77' lang='lat' dir='ltr'><strong>Reverendo</strong></span> <span class='ocrx_word' id='word_1_149' title='bbox 380 2417 517 2476; x_wconf 78' lang='lat' dir='ltr'><strong>Domino</strong></span> <span class='ocrx_word' id='word_1_150' title='bbox 533 2415 574 2476; x_wconf 85' lang='lat' dir='ltr'><strong>N.</strong></span> <span class='ocrx_word' id='word_1_151' title='bbox 590 2416 631 2476; x_wconf 89' lang='lat' dir='ltr'><strong>N.</strong></span> <span class='ocrx_word' id='word_1_152' title='bbox 648 2417 860 2478; x_wconf 79' lang='lat' dir='ltr'><strong>benedicendi</strong></span> <span class='ocrx_word' id='word_1_153' title='bbox 872 2417 975 2477; x_wconf 83' lang='lat' dir='ltr'><strong>decies</strong></span> 
     </span>
     <span class='ocr_line' id='line_1_25' title="bbox 19 2502 971 2586; baseline 0.011 -26"><span class='ocrx_word' id='word_1_154' title='bbox 19 2507 101 2563; x_wconf 86' lang='lat' dir='ltr'><strong>mille</strong></span> <span class='ocrx_word' id='word_1_155' title='bbox 120 2502 261 2568; x_wconf 79' lang='lat' dir='ltr'><strong>Coronas</strong></span> <span class='ocrx_word' id='word_1_156' title='bbox 277 2513 498 2586; x_wconf 82' lang='lat' dir='ltr'><strong>precatorias,</strong></span> <span class='ocrx_word' id='word_1_157' title='bbox 524 2507 653 2579; x_wconf 81' lang='lat' dir='ltr'><strong>Cruces,</strong></span> <span class='ocrx_word' id='word_1_158' title='bbox 682 2510 891 2569; x_wconf 80' lang='lat' dir='ltr'><strong>Nomiumata</strong></span> <span class='ocrx_word' id='word_1_159' title='bbox 912 2517 971 2570; x_wconf 82' lang='lat' dir='ltr'><strong>etc.</strong></span> 
     </span>
    </p>
   </div>
   <div class='ocr_carea' id='block_1_3' title="bbox 17 2598 971 2759">
    <p class='ocr_par' dir='ltr' id='par_1_6' title="bbox 17 2598 971 2759">
     <span class='ocr_line' id='line_1_26' title="bbox 17 2598 971 2683; baseline 0.01 -29"><span class='ocrx_word' id='word_1_160' title='bbox 17 2598 118 2674; x_wconf 82' lang='lat' dir='ltr'><strong>eisque</strong></span> <span class='ocrx_word' id='word_1_161' title='bbox 139 2605 333 2678; x_wconf 75' lang='lat' dir='ltr'><strong>applicandi</strong></span> <span class='ocrx_word' id='word_1_162' title='bbox 353 2606 580 2683; x_wconf 72' lang='lat' dir='ltr'><strong>indulgentius</strong></span> <span class='ocrx_word' id='word_1_163' title='bbox 601 2605 777 2666; x_wconf 79' lang='lat' dir='ltr'><strong>lucrandos</strong></span> <span class='ocrx_word' id='word_1_164' title='bbox 798 2613 836 2664; x_wconf 80' lang='lat' dir='ltr'><strong>ut</strong></span> <span class='ocrx_word' id='word_1_165' title='bbox 860 2622 971 2681; x_wconf 83' lang='lat' dir='ltr'><strong>supra.</strong></span> 
     </span>
     <span class='ocr_line' id='line_1_27' title="bbox 74 2690 739 2759; baseline 0.012 -9"><span class='ocrx_word' id='word_1_166' title='bbox 74 2690 192 2752; x_wconf 81' lang='lat' dir='ltr'><strong>Datum</strong></span> <span class='ocrx_word' id='word_1_167' title='bbox 213 2695 386 2758; x_wconf 67' lang='lat' dir='ltr'><strong>Umbricae</strong></span> <span class='ocrx_word' id='word_1_168' title='bbox 405 2698 458 2759; x_wconf 83' lang='lat' dir='ltr'><strong>die</strong></span> <span class='ocrx_word' id='word_1_169' title='bbox 479 2697 624 2757; x_wconf 70' lang='lat' dir='ltr'><strong>eulalii</strong></span> <span class='ocrx_word' id='word_1_170' title='bbox 643 2695 739 2758; x_wconf 83' lang='lat'><strong><em>1800.</em></strong></span> 
     </span>
    </p>
   </div>
   <div class='ocr_carea' id='block_1_4' title="bbox 131 2787 971 3052">
    <p class='ocr_par' dir='ltr' id='par_1_7' title="bbox 131 2787 971 3052">
     <span class='ocr_line' id='line_1_28' title="bbox 131 2787 971 2960; baseline -0.002 -17"><span class='ocrx_word' id='word_1_171' title='bbox 131 2787 181 2863; x_wconf 41' lang='grc' dir='ltr'><strong>(Β.</strong></span> <span class='ocrx_word' id='word_1_172' title='bbox 196 2787 245 2865; x_wconf 34' lang='grc'><strong>8.)</strong></span> <span class='ocrx_word' id='word_1_173' title='bbox 429 2883 554 2960; x_wconf 84' lang='lat' dir='ltr'><strong>Signat.</strong></span> <span class='ocrx_word' id='word_1_174' title='bbox 571 2882 717 2943; x_wconf 74' lang='lat' dir='ltr'><strong>Aloisics</strong></span> <span class='ocrx_word' id='word_1_175' title='bbox 740 2881 971 2954; x_wconf 80' lang='lat' dir='ltr'><strong>Oicmderlcm‘,</strong></span> 
     </span>
     <span class='ocr_line' id='line_1_29' title="bbox 508 2976 851 3052; baseline -0.003 -16"><span class='ocrx_word' id='word_1_176' title='bbox 508 2976 578 3036; x_wconf 79' lang='lat' dir='ltr'><strong>vie.</strong></span> <span class='ocrx_word' id='word_1_177' title='bbox 594 2977 670 3052; x_wconf 82' lang='lat' dir='ltr'><strong>Sup.</strong></span> <span class='ocrx_word' id='word_1_178' title='bbox 684 2976 772 3036; x_wconf 87' lang='lat' dir='ltr'><strong>Miss.</strong></span> <span class='ocrx_word' id='word_1_179' title='bbox 789 2979 851 3036; x_wconf 80' lang='lat' dir='ltr'><strong>eto.</strong></span> 
     </span>
    </p>
   </div>
   <div class='ocr_carea' id='block_1_5' title="bbox 0 0 1216 4196">
    <p class='ocr_par' dir='ltr' id='par_1_8' title="bbox 0 0 1216 4196">
     <span class='ocr_line' id='line_1_30' title="bbox 0 0 1216 4196; baseline 0 1"><span class='ocrx_word' id='word_1_180' title='bbox 0 0 1216 4196; x_wconf 95' lang='lat' dir='ltr'><strong> </strong></span> 
     </span>
    </p>
   </div>
  </div>
 </body>
</html>
