2426 4192
620 218 659 230 -
679 185 740 245 200
760 217 798 229 -

229 292 376 368 possunt,
399 291 508 350 statim
536 291 574 348 ad
603 290 849 349 conveniendum
877 308 910 349 se
931 294 1115 366 comparent.
1136 293 1167 350 Et

230 383 375 461 quoniam
391 385 423 443 ri
438 384 583 444 distracti
598 402 633 443 ac
648 384 790 462 dissipati
810 401 866 461 per
892 384 1032 444 diversas
1045 385 1169 460 regiones

229 479 412 540 Cardinales
426 479 561 538 maxime
582 479 753 539 timendum
768 484 870 540 estne
890 482 927 540 ad
950 479 1075 539 libitum
1088 478 1170 538 disce-

229 573 315 642 dere,
331 576 424 648 atque
438 573 469 631 in
491 591 587 632 unum
605 574 706 633 locum
728 591 760 632 se
782 573 925 633 conferre
946 573 1168 649 prohibeantur,

230 665 333 724 utvel
354 666 407 723 diu
422 665 511 724 Petri
533 667 624 726 navis
639 665 855 742 praesentibus
871 665 992 726 iactata
1012 664 1170 741 permagnis
1200 723 1201 732 ἢ

230 758 378 817 fluctibus
399 760 608 835 gubernatore
630 777 686 819 suo
707 762 827 832 careat,
844 758 896 817 vel
917 758 1115 834 congregatis
1128 757 1169 816 hac

229 854 305 914 illac
327 853 486 912 nonnullis
507 853 744 926 cardinalibus,
766 853 873 930 plures
894 853 1058 929 eligantur
1076 851 1171 910 Ponti·

230 948 316 1020 fices,
331 950 365 1006 et
386 947 565 1019 schismate,
580 948 660 1023 quod
681 951 762 1008 Deus
777 950 916 1020 avertat,
932 950 1069 1006 vexetur
1083 949 1169 1004 saneta

230 1042 287 1101 Dei
307 1041 464 1112 Ecclesia3
488 1041 616 1115 idcirco,
629 1046 665 1100 ut
685 1041 785 1100 tantis
805 1044 868 1101 Deo
889 1040 1063 1100 adiuvante
1083 1057 1170 1098 occur·

231 1151 337 1194 ramus
364 1134 622 1206 calamitatibus,
652 1135 748 1194 simili
776 1136 863 1191 motu
892 1132 1022 1209 proprio
1048 1150 1083 1191 ac
1101 1135 1169 1190 certa

232 1225 382 1299 scientia,
404 1231 437 1284 et
459 1228 495 1284 de
517 1225 705 1302 apostolicae
731 1225 900 1301 potestatis
921 1224 1117 1301 plenitudine
1134 1222 1171 1280 de

231 1320 399 1393 cernimus,
422 1319 591 1378 statuimus
612 1322 646 1377 et
660 1320 842 1378 mandamus
854 1322 902 1391 ut,
917 1318 1086 1377 eveniente
1099 1319 1170 1375 extra

230 1414 402 1472 Romanam
418 1410 543 1472 curiam
558 1410 645 1469 obitu
660 1411 789 1482 Nostro,
809 1411 858 1470 ius
879 1410 1017 1487 eligendi
1032 1411 1169 1470 Summum

230 1503 415 1562 Pontificem
437 1519 493 1578 per
513 1520 565 1561 eos
578 1502 760 1562 Gurdineles
779 1503 869 1562 unice
891 1506 1080 1562 exerceatur
1092 1501 1170 1578 quiin
1201 1535 1202 1542 κ

232 1595 350 1656 ditione
379 1594 511 1654 alicuius
542 1595 691 1654 catholici
723 1595 873 1673 principis
905 1595 1014 1672 plures
1043 1611 1169 1660 numero,

231 1707 322 1764 quem
338 1687 394 1749 alii
410 1688 476 1746 ulla
497 1688 560 1748 alia
581 1689 613 1745 in
635 1689 762 1765 regione
784 1691 1011 1747 commorantes
1031 1687 1170 1746 invenian-

232 1787 303 1855 tur,
326 1782 480 1858 simulque
502 1799 557 1857 per
579 1781 708 1857 eosqui
729 1799 769 1840 ex
790 1780 863 1841 aliis
883 1780 1068 1858 regionibus
1088 1782 1170 1840 adeo

232 1873 323 1934 mitia
351 1875 381 1932 in
410 1875 573 1951 praedicta
601 1873 720 1932 ditione
741 1874 895 1947 explenda
921 1873 1120 1932 accesserint.
1138 1869 1169 1929 Ob

231 1966 359 2025 eandem
379 1982 502 2024 causam
523 1965 670 2024 volumus
692 1969 728 2024 ut
749 1967 785 2024 de
807 1983 891 2024 more
913 1965 1091 2025 cardinalis
1110 1962 1169 2023 sueri

231 2059 359 2136 collegii
372 2062 525 2131 Decanus,
536 2059 563 2117 si
578 2061 683 2118 tamen
698 2057 771 2116 isin
786 2058 1001 2118 dominatione
1017 2057 1076 2118 illa
1089 2055 1170 2116 aderit

231 2153 264 2211 in
285 2172 346 2229 qua
367 2153 474 2230 plures
495 2169 624 2210 numero
647 2155 815 2212 versantur
836 2152 1033 2226 cardinales,
1056 2153 1130 2222 sive,
1145 2163 1170 2206 eo

232 2246 372 2317 absente,
394 2245 447 2322 qui
467 2245 573 2320 potior
594 2244 751 2322 dignitate
773 2245 858 2304 inter
878 2244 1054 2316 illuserit,
1075 2241 1170 2301 certior

231 2336 333 2397 factus
354 2338 392 2396 de
417 2337 503 2397 obitu
532 2338 672 2408 Nostro,
699 2338 806 2397 statim
833 2338 871 2396 de
900 2337 1117 2398 nonnullorum
1142 2348 1170 2390 ex
1204 2395 1206 2428 Ι

231 2429 342 2489 iisdem
367 2430 585 2491 cardinalibus
610 2430 761 2504 consilio,
785 2431 845 2490 nisi
866 2431 950 2491 forte
979 2431 1100 2507 pridem
1118 2443 1169 2486 cum
1205 2433 1206 2462 ³

232 2523 308 2600 ipsis
325 2526 481 2583 statutum
502 2522 612 2596 fuerit,
628 2525 882 2600 opportuniorem
897 2525 999 2585 locum
1015 2525 1056 2583 ad
1077 2524 1170 2583 haben·
1205 2565 1206 2572 ,

233 2619 272 2676 da
285 2616 414 2676 comitia
434 2618 619 2691 constituat,
635 2617 667 2677 in
682 2635 813 2694 eumque
835 2619 957 2678 eunctis
971 2633 1013 2676 ex
1027 2618 1104 2678 locis
1115 2617 1170 2675 car·
1205 2673 1206 2680 ,

233 2711 352 2770 dineles
365 2727 481 2784 omnes,
498 2712 681 2786 ubicumque
696 2713 855 2788 degentes,
871 2729 927 2789 per
941 2711 1120 2771 indictionis
1132 2707 1169 2766 lit·

233 2808 318 2866 terat
345 2807 474 2879 crocet,
497 2808 529 2864 et
549 2805 587 2862 ad
609 2803 681 2862 illos
703 2804 756 2880 qui
785 2803 863 2864 alibi
891 2807 1122 2865 commorantur
1141 2799 1167 2856 de

230 2897 367 2977 ipsorum
384 2898 571 2976 pluralitate
583 2894 804 2969 informandos,
822 2897 947 2957 nomina
962 2897 1074 2957 mittat
1085 2907 1167 2954 eorum

230 2991 444 3074 cardinalium
458 2992 512 3069 qui
532 2992 564 3050 in
586 2989 703 3050 ditione
719 2991 856 3050 eiusdem
871 2990 1022 3067 principis
1037 2985 1165 3049 existunt.

231 3089 334 3155 Quare
354 3087 386 3146 in
408 3087 531 3146 virtute
552 3087 676 3144 sanctae
700 3083 893 3143 obedieutiae
914 3083 1117 3160 praecipimus
1134 3083 1166 3143 ut,
1205 3151 1206 3158 ἵ

232 3182 293 3242 nisi
307 3181 495 3260 gravissima
509 3178 747 3238 intercesserint
761 3176 995 3252 impedimenta,
1012 3169 1168 3238 cardinales

232 3297 338 3337 omnes
364 3274 613 3337 denuntiationis
642 3272 762 3332 litteris
783 3273 821 3332 ad
843 3272 971 3331 comitia
991 3267 1167 3331 evocantibus

232 3371 340 3431 statim
360 3387 470 3447 parcre
485 3371 666 3440 teneantur,
682 3364 782 3441 iisque
797 3365 963 3424 dumtaxat
975 3356 1167 3426 cardinalibus

231 3465 285 3540 qui
299 3464 405 3540 plures
420 3464 452 3522 iu
467 3463 575 3521 eodem
596 3460 665 3519 loco
685 3457 868 3535 congregati
890 3463 996 3531 erunt,
1018 3455 1167 3527 ceterisque
1205 3457 1206 3460 ’
