2426 4192
17 306 114 348 mones
127 290 243 350 habere
258 307 294 349 ac
315 288 490 350 deliberare
505 291 632 363 audent,
646 287 727 349 utin
742 284 969 346 constitutione

17 382 196 459 praesertim
212 382 305 442 Pauli
319 383 363 442 IV
386 384 490 448 Quum
510 382 702 453 secundani,-
724 381 891 457 propterea
904 380 970 439 Nos

17 479 75 534 mm
94 475 167 535 huie
189 475 431 547 constitutioni,
454 487 546 554 quam
573 474 687 534 ceteris
708 472 884 534 huiusmodi
912 473 970 530 de-

16 569 168 644 rogantes,
185 570 373 644 potostatem
387 567 519 627 iacimus
530 567 747 629 cardinalibus
763 565 920 626 universis
935 581 970 624 ac

16 661 163 739 singulis,
188 661 284 722 etiam
305 661 486 722 viventibus
506 661 621 736 Nobis,
644 678 802 722 sermones
823 657 969 731 habendi,

15 755 216 830 deliberandi,
229 755 432 816 conveniendi
447 757 484 816 de
498 756 624 817 ratione
638 775 699 834 qua
711 755 834 817 facilius
848 752 971 832 possint

15 868 85 924 quae
107 867 126 908 a
146 847 244 910 Nobis
257 848 385 925 provisa
405 853 479 910 sunt
498 851 610 926 exequi
632 853 726 928 atque
748 848 908 927 expedire,
924 848 972 910 iia

14 946 46 1001 ut
65 944 101 1002 de
124 942 287 1001 indicendo
308 942 508 1002 comitiorum
529 943 590 1016 die,
613 945 650 1003 de
671 944 740 1003 loco
762 944 794 1002 in
816 960 906 1019 quem
921 961 973 1004 ea-

14 1038 76 1096 dem
90 1038 288 1096 convocauda
309 1041 394 1108 sunt,
410 1038 448 1095 de
462 1037 625 1097 Oonclavis
638 1037 795 1109 clausura,
809 1039 916 1096 utrum
933 1054 970 1097 aa

13 1132 164 1190 servanda
185 1146 223 1187 an
252 1129 395 1188 tollenda
421 1128 634 1200 iudicabitur,
657 1131 695 1188 de
715 1146 821 1188 eorum
844 1128 969 1188 delectu

13 1224 59 1300 qui
80 1223 223 1284 ministri
244 1223 276 1282 in
292 1222 442 1284 Oonclavi
462 1225 536 1282 sunt
558 1222 751 1299 designandi,
766 1224 804 1281 de
826 1221 865 1280 iis
888 1221 973 1280 deni·

12 1336 64 1394 que
86 1316 232 1376 omnibus
253 1317 290 1374 de
312 1315 423 1392 quibus
441 1314 494 1392 agi
515 1316 552 1375 ad
574 1315 791 1375 maturandam
806 1313 970 1373 Pontificio

12 1411 193 1471 electionem
208 1409 415 1468 necessarium
428 1406 600 1478 videbitur,
614 1406 690 1483 ipsis
701 1406 837 1466 liberum
853 1405 896 1464 sit
908 1405 970 1465 col·

12 1504 105 1580 loqui,
129 1501 305 1561 deliberare
325 1504 360 1560 et
379 1500 587 1572 constituere,
603 1501 764 1559 dummodo
785 1498 816 1556 in
839 1499 896 1558 hac
917 1498 968 1558 de·

12 1595 163 1654 liberandi
180 1597 212 1653 et
233 1593 442 1654 constituendi
458 1593 611 1653 facultate
625 1595 750 1651 cautum
766 1608 887 1668 semper
902 1609 972 1650 ma-

13 1690 81 1748 neat
103 1705 143 1746 ne
165 1687 215 1746 cui
238 1704 382 1764 nmquam
403 1704 442 1746 ex
464 1685 684 1747 cardinalibus
705 1686 742 1744 de
763 1702 799 1744 eo
820 1686 874 1760 qui
888 1685 971 1744 Pon-

13 1780 87 1839 tifex
110 1779 273 1856 eligendus
294 1779 376 1852 erit,
400 1779 458 1838 nisi
480 1782 552 1856 post
574 1778 695 1838 obitum
715 1780 890 1850 Nostrum,
914 1782 970 1838 aut

13 1873 177 1933 convenire
199 1877 254 1932 aut
286 1872 461 1933 deliberare
489 1872 594 1934 liceat.
624 1872 792 1944 Ceterum,
814 1869 912 1930 salvis
934 1887 970 1930 ac

12 1967 107 2026 firmis
129 1964 362 2026 conditionibus
377 1966 518 2026 omnibus
532 1984 610 2042 quae
633 1964 828 2026 necessariae
851 1963 925 2022 runt
939 1963 971 2021 in

13 2060 119 2136 quavis
141 2059 293 2119 electione
318 2059 464 2120 canonica
485 2059 617 2120 Romani
638 2057 820 2129 pontificis,
843 2059 909 2118 tam
929 2056 970 2115 iis

12 2171 84 2228 quae
106 2155 144 2212 ad
167 2153 227 2212 loci
249 2152 302 2212 ubi
323 2153 450 2214 comitia
476 2153 619 2212 habenda
645 2155 739 2211 erunt
767 2149 971 2210 securitatem

12 2246 190 2321 pertinent,
213 2263 303 2323 quam
326 2246 393 2306 illis
413 2264 491 2323 quae
513 2247 656 2323 spectant
677 2246 715 2304 ad
737 2246 909 2305 electorum
931 2242 972 2302 li-

12 2337 186 2412 bertatem,
208 2343 242 2399 et
263 2339 300 2398 ad
323 2341 398 2402 duas
419 2340 533 2400 tertias
555 2344 662 2416 partes
683 2338 906 2416 suffragiorum
921 2355 972 2396 eo-

13 2451 82 2492 rum
105 2433 159 2510 qni
182 2434 366 2511 congregati
382 2434 457 2506 sint,
472 2434 584 2511 quibus
599 2434 764 2494 conveniri
785 2434 817 2493 in
839 2433 974 2494 electum

12 2525 115 2598 debet,
130 2525 259 2586 excluso
281 2527 358 2585 item
375 2528 458 2586 omni
473 2527 593 2588 ambitu
607 2546 642 2586 ac
657 2526 805 2587 simoniae
828 2526 971 2598 crimine,

12 2618 47 2675 de
68 2634 129 2693 quo
152 2635 191 2678 ne
212 2618 364 2695 suspicari
384 2620 510 2696 quidem
529 2621 595 2681 Nos
616 2637 797 2696 possumus,
819 2617 971 2696 praecipi-

11 2727 76 2768 mus
99 2712 133 2770 et
154 2713 333 2774 mandamus
356 2719 407 2786 ut,
430 2732 469 2773 ex
491 2731 526 2773 eo
546 2714 616 2774 loeo
644 2717 724 2774 unde
744 2715 809 2774 Nos
832 2713 969 2772 tantiae

12 2802 97 2862 ritae
119 2803 280 2864 laboribus
302 2805 340 2864 ad
361 2810 520 2867 aeternam
542 2826 661 2884 pacem,
684 2825 774 2885 quam
798 2824 971 2883 speramus,

11 2895 149 2972 migrare
168 2897 273 2958 iustus
294 2902 328 2958 et
348 2900 526 2960 misericors
547 2903 697 2962 Dominus
718 2900 877 2971 voluerit,
904 2897 974 2974 qui-

11 3009 138 3068 cumque
161 3010 177 3051 a
200 2994 418 3056 cardinalibus
440 2998 554 3071 aderit,
571 3001 604 3057 et
625 2997 650 3057 si
671 2998 780 3075 plures
800 2997 907 3066 arunt,
920 3010 973 3052 eo-

11 3101 77 3144 rum
100 3085 240 3163 dignior,
254 3090 320 3159 aut,
336 3088 377 3147 iis
391 3090 532 3150 omnibns
547 3090 738 3164 absentibus,
755 3087 884 3148 nuntius
898 3103 973 3162 apo-

11 3177 151 3253 stolicus,
168 3179 248 3254 sive,
272 3181 304 3238 in
325 3181 419 3242 huius
442 3182 589 3258 delectu,
612 3182 671 3241 loci
694 3179 895 3252 ordinarius,
917 3180 974 3238 aut

12 3272 186 3346 praelatus,
202 3273 254 3333 vel
269 3274 351 3334 alius
371 3275 525 3353 quispiam
541 3277 572 3336 in
588 3275 747 3354 dignitate
761 3271 975 3334 ecclesiastica

11 3365 214 3439 constitutur,
223 3385 316 3442 quam
331 3367 481 3427 celeriter
493 3369 703 3429 dePontificis
717 3367 804 3428 obitu
820 3365 973 3426 certiores

11 3455 191 3520 cardinales
217 3457 334 3532 faciat,
358 3461 393 3519 ut
414 3459 467 3536 qui
492 3477 531 3518 ax
553 3459 592 3520 iia
617 3463 763 3520 accedere
785 3460 822 3519 ad
845 3457 974 3519 comitia
