2426 4192
211 313 496 391 praevaricantium
518 314 695 392 perditione
716 315 784 375 siue
811 329 905 377 causa
930 320 964 376 et
988 333 1067 376 vane
1088 332 1159 376 suam

210 407 427 470 fortitudinem
452 425 518 468 assa
540 410 768 485 consumptam.
1203 410 1204 422 ¹

270 499 422 566 Quoniam
438 519 514 562 vero
534 501 766 578 apertissimum
792 506 853 575 est,
879 519 976 578 supra
998 507 1094 580 caput
1110 489 1161 565 uo'

210 596 312 656 strum
334 594 528 672 potissimum
547 595 770 672 omnipotentis
785 595 840 656 Dei
863 613 989 655 manum
1014 614 1081 656 esse
1100 613 1161 672 gra·

208 691 339 760 samm,
362 706 400 746 ne
422 688 507 758 Vos,
523 688 575 763 qui
604 688 744 748 membra
771 688 864 748 huius
891 686 1008 764 capitis
1030 687 1105 756 estis
1124 692 1161 748 tu·
1203 725 1204 730 κ

208 781 343 842 bascatis
365 781 472 840 dolore
492 782 621 855 Nostro,
636 783 672 841 ad
689 781 931 856 confirmandam
946 781 1161 842 virtutemne

209 879 307 934 stram
329 873 439 932 iisdem
461 874 566 934 verbis
587 879 725 947 utemur,
741 875 852 952 quibus
867 875 1002 936 Sanctus
1016 875 1160 936 Silverius

208 967 294 1044 Papa
308 983 382 1028 usus
398 969 460 1040 est,
476 985 545 1028 cum
560 969 721 1045 relegatus
733 969 764 1030 iu
779 969 882 1031 insule
896 968 1013 1028 Pontia
1027 970 1065 1028 ad
1081 970 1161 1028 Ama·

208 1061 308 1122 torem
329 1059 505 1136 episcopum
527 1061 693 1124 scribebat:
713 1061 778 1127 Nos
798 1063 931 1140 quidem
952 1069 1160 1122 sustentamur
1206 1075 1207 1106 i

203 1167 293 1228 poce
313 1152 444 1223 doloris,
468 1161 499 1216 et
520 1171 609 1231 aqua
630 1158 804 1232 anqustioe
824 1163 987 1232 potamur.-
1010 1162 1160 1226 cerumta-

207 1262 282 1306 men
296 1261 354 1307 nec
364 1246 557 1320 dimisimus,
573 1265 631 1310 aec
642 1249 812 1310 dimissuri
822 1251 942 1310 erimus
953 1247 1096 1322 officium
1106 1247 1159 1306 bb-
1202 1269 1203 1322 ᾗ

207 1345 321 1402 strum.
335 1339 479 1416 illudque
489 1343 826 1419 addemuspraeterea,
840 1343 919 1418 quod
932 1358 988 1418 per
1000 1343 1079 1413 Vos,
1091 1342 1158 1400 Ver.
1202 1369 1203 1422 i

207 1431 352 1507 Fratres,
368 1438 477 1511 patere
496 1437 610 1496 ceteris
631 1436 785 1497 fratribus
807 1435 1099 1507 volumus,nullum
1113 1435 1161 1494 tri·

206 1526 378 1588 bulationis
400 1546 497 1605 genus
517 1532 657 1600 tantum,
681 1532 806 1606 tamque
828 1530 977 1592 acerbum
998 1547 1066 1588 esse
1087 1527 1160 1586 futu·

99 1633 101 1636 ·
206 1636 289 1693 rum,
305 1622 384 1697 quod
405 1622 469 1684 Nos
490 1639 509 1681 a
529 1624 684 1684 charitate
710 1623 831 1684 Christi
852 1623 896 1682 sit
917 1638 1063 1698 nmquam
1086 1637 1161 1696 sepa·
1206 1635 1207 1638 ’

205 1715 370 1785 saturum,
394 1714 516 1774 nullum
540 1718 618 1791 quod
648 1715 850 1777 confortante
864 1714 1087 1776 infirmitatem
1107 1713 1161 1774 No·

206 1809 304 1868 stram
328 1809 415 1880 Deo,
439 1808 647 1870 libentissimo
668 1809 772 1870 animo
794 1808 931 1870 subituri
967 1825 1026 1866 non
1050 1806 1159 1874 simus,
1202 1810 1205 1819 '

206 1901 374 1968 dummodo,
393 1903 556 1964 calamitas
577 1923 638 1980 qua
659 1922 809 1983 urgemur
822 1905 900 1977 Nos,
917 1902 1106 1964 aFiliorum
1122 1899 1160 1958 di·
1205 1919 1207 1972 i

205 1992 448 2054 lectissimorum
462 1997 650 2057 Nostrorum
666 1998 806 2074 periculo
829 1997 871 2057 sit
893 1997 1048 2068 seiuncta,
1065 2013 1101 2056 ac
1114 2011 1159 2071 per
1205 2017 1207 2034 2

204 2085 329 2146 labores
342 2088 476 2150 Nostros
490 2088 620 2150 restitui
640 2105 700 2166 pax
721 2093 754 2149 et
775 2088 960 2149 conservari
984 2089 1092 2150 unitas
1111 2090 1161 2148 Ec·

203 2179 317 2241 clesiae
338 2180 446 2256 possit.

226 2333 230 2338 .
265 2273 391 2344 Valeta,
406 2273 610 2334 Venerabiles
629 2274 772 2349 Fratres,
788 2277 823 2336 et
835 2273 958 2337 christi
979 2273 1159 2334 confessores

204 2365 383 2438 clarissimi,
399 2366 510 2442 quibus
524 2381 642 2444 pacem,
657 2387 749 2445 quam
762 2369 854 2446 impii
868 2369 982 2432 babere
997 2383 1157 2444 numquam

202 2460 345 2537 possunt,
360 2457 406 2535 pii
422 2475 498 2517 vero
512 2461 607 2522 etiam
629 2461 662 2522 in
677 2463 845 2539 angustiis,
861 2481 897 2523 ac
918 2461 1083 2522 laboribus
1095 2478 1159 2538 gra·

202 2550 341 2618 vissimis
353 2551 534 2628 possident,
551 2572 590 2614 ex
603 2554 707 2614 animo
720 2557 935 2633 adparentes,
951 2555 1157 2631 apostoliam

202 2643 457 2706 Benedictionem
479 2646 604 2723 paterni
625 2652 659 2708 et
683 2648 770 2726 grati
797 2648 893 2710 animi
913 2647 1027 2710 Nostri
1054 2647 1157 2725 pignus

203 2737 417 2798 amantissime
438 2738 652 2816 impartimur.

262 2833 375 2892 Datum
401 2831 583 2894 Florentiae
603 2835 683 2909 apud
705 2835 742 2894 Β.
771 2835 809 2896 V.
835 2833 969 2894 Mariam
988 2833 1023 2894 in
1044 2832 1157 2894 caelum

201 2925 402 3002 Assumptam
424 2924 513 2984 nonis
528 2924 610 2984 Iunii
630 2926 703 2986 anni
725 2927 973 2990 MDOOXOVIII.
997 2925 1157 2988 Pontifice-

201 3020 253 3080 tus
272 3018 382 3082 Nostri
402 3019 520 3078 XXIV.

759 3112 911 3191 Iosephus
930 3113 1083 3176 ilorotti.

686 3205 741 3266 SS.
758 3208 794 3268 D.
818 3205 969 3268 Nostris
991 3204 1135 3268 Sacratis.
