2426 4192
606 245 786 304 -192-

213 353 330 415 rabiles
344 354 487 424 Fratres,
503 352 535 411 in
551 351 635 411 omni
658 369 723 429 spe,
739 353 811 425 fide,
828 356 861 412 et
875 350 1057 411 humilitate
1075 353 1165 412 cordis

213 447 325 509 Nostri
346 451 472 506 orantes
493 447 559 506 sine
581 445 824 517 intermissione,
848 446 1052 523 adprecemur
1070 446 1167 506 Eccle-

214 543 290 605 siae.
313 546 355 604 Et
376 543 519 622 quamvis
537 541 748 602 certissimum
769 543 824 616 sit,
840 547 948 602 tantos
971 560 1039 601 eam
1059 539 1166 601 efficere
1204 591 1205 600 ,

215 639 248 696 in
270 637 476 697 tribulatione
497 641 686 712 proventus,
709 636 871 712 tantisque
892 635 1038 696 victoriis
1058 636 1166 712 augeri,
1204 623 1205 628 ¹

214 731 340 808 quantis
355 729 465 808 augeri
478 733 573 789 extra
588 729 826 789 tribulationem
845 728 934 786 nullo
956 731 1049 788 modo
1064 731 1166 806 posset,

215 829 319 886 tamen
343 843 380 883 ne
403 826 475 883 dum
496 839 533 882 ea
550 821 679 886 fortium
695 840 821 882 suorum
837 822 1011 899 triumphis
1025 822 1166 894 laetatur,

215 918 408 976 intirmorum
437 916 578 975 cladibus
605 920 699 992 atque
727 916 826 975 exitio
848 915 1037 975 contristari
1060 917 1166 986 debeat,

215 1011 268 1089 qui
289 1029 359 1069 cum
381 1014 475 1070 extra
496 1010 703 1069 tentationem
720 1009 828 1087 positi,
844 1009 1017 1069 defuturis
1033 1010 1167 1087 periculis

215 1104 297 1163 nihil
319 1103 507 1180 cogitantes
524 1121 556 1162 se
571 1106 682 1162 contra
696 1103 811 1162 diaboli
828 1103 1048 1180 aggressiones
1062 1104 1167 1162 munire
1205 1105 1206 1110 ’

217 1198 388 1269 noluerint,
411 1215 451 1256 ac
468 1199 581 1257 mundo
602 1215 694 1273 quam
715 1199 778 1257 Deo
799 1197 920 1257 servire
942 1198 1125 1269 maluerint,
1144 1198 1167 1254 in

215 1292 402 1352 tentationis
423 1294 511 1351 aestu
534 1291 682 1352 licentiae
704 1291 894 1352 dominantis
908 1291 1032 1368 impetu
1047 1291 1168 1368 abrepti,

214 1387 436 1444 evanescentes
455 1383 487 1441 in
510 1383 756 1460 cogitationibus
778 1384 843 1443 suis
863 1384 1050 1444 defecerunt
1073 1403 1091 1444 a
1109 1387 1169 1456 Deo,

216 1476 395 1553 animasque
424 1494 495 1537 suas
521 1475 723 1553 proiicientes
751 1479 877 1538 satanae
901 1495 934 1536 se
962 1478 1170 1546 tradiderunt;

215 1588 361 1647 rogemus
389 1570 675 1630 misericordiarum
696 1573 817 1644 Deum,
847 1574 882 1630 ut
910 1573 1045 1646 propter
1068 1568 1170 1634 Christi
1206 1553 1207 1570 ¹

215 1663 275 1722 filii
298 1665 345 1722 sui
368 1663 563 1741 sanguinem,
586 1665 639 1740 qui
661 1680 718 1741 pro
741 1663 883 1723 omnibus
907 1663 1024 1722 effusus
1047 1668 1109 1737 est,
1129 1664 1170 1722 ab

216 1756 403 1817 brevientur
424 1757 490 1817 dies
512 1757 698 1817 tentationis
719 1758 866 1817 Nostrae.
888 1757 968 1816 Nam
983 1757 1129 1832 quamvis
1145 1755 1169 1812 in

216 1849 492 1927 investigabilibus
521 1851 692 1927 sapientiae
719 1852 753 1908 et
780 1847 922 1909 iustitiae
943 1849 1002 1908 Dei
1030 1849 1169 1917 consiliis,

216 1943 327 2019 quibus
339 1943 474 2020 gloriam
486 1960 573 2002 suam
584 1946 745 2019 operatur,
758 1941 855 2002 Nobis
867 1940 991 2000 omnino
1003 1940 1050 2002 sit
1066 1942 1171 2019 acquie-

214 2037 372 2110 scendum;
395 2040 499 2095 tamen
521 2035 606 2095 inter
627 2038 732 2094 cetera
746 2034 850 2093 omnia
862 2032 1021 2094 Ecclesiae
1037 2037 1169 2104 vulnera,

215 2132 293 2191 haec
314 2129 510 2207 potissimum
532 2129 591 2188 illa
612 2130 697 2201 sunt,
716 2146 795 2204 quae
816 2128 880 2199 diu,
896 2131 1057 2204 noctuque
1079 2146 1171 2188 excru-

143 2258 148 2269 ·
214 2228 300 2287 ciant
313 2228 390 2299 Nos,
412 2230 446 2286 et
467 2225 640 2285 sollicitum
661 2226 779 2284 babent
799 2225 938 2284 animum
953 2225 1122 2296 Nostrum,
1136 2227 1171 2283 ita

168 2361 175 2378 ,
216 2323 252 2379 ut
266 2318 466 2378 acerbissima
477 2337 615 2395 quaeque
628 2318 707 2395 pati,
719 2317 915 2392 animamque
927 2316 1027 2393 ipsam
1034 2319 1170 2382 Nostram

213 2431 328 2492 ponere
349 2411 454 2488 parati
472 2428 621 2484 essemus,
638 2411 734 2487 siper
755 2409 937 2487 sanguinem
958 2410 1115 2470 Nostrum
1133 2413 1171 2468 tot

215 2503 501 2585 praevaricantium
516 2503 616 2564 exitia
636 2506 795 2576 avertere,
812 2505 860 2562 tot
874 2501 1079 2562 infirmorum
1092 2502 1172 2563 offen-

215 2598 352 2660 sionibus
373 2598 564 2675 iacturisque
586 2596 753 2673 providere
775 2613 943 2673 possemus.

275 2693 375 2753 Plura
395 2692 518 2769 quidem
540 2695 657 2765 essent,
673 2709 751 2768 quae
766 2691 803 2748 ad
818 2689 1049 2749 confirmandos
1067 2689 1172 2750 animos

215 2789 360 2859 Vestros,
370 2786 568 2847 venerabiles
579 2786 724 2859 Fratres,
734 2783 831 2844 Vobis
841 2785 1028 2843 haberemus
1040 2785 1170 2854 dicenda,

215 2883 267 2943 sed
290 2883 510 2959 praeterquam
533 2879 611 2955 quod
634 2880 759 2937 modum
780 2877 932 2954 epistolae
953 2879 1107 2938 excedere
1128 2895 1170 2935 nc·

213 2976 330 3049 lamus,
360 2992 396 3033 ea
416 2976 466 3032 est
486 2973 569 3032 enim
597 2971 659 3031 iam
686 2971 764 3046 satis
792 2987 984 3048 progressa3
1016 2974 1109 3031 tanta
1133 2973 1171 3028 est

214 3070 320 3130 virtus
341 3070 456 3128 Vestra
476 3067 508 3126 in
531 3067 588 3125 hac
610 3064 815 3125 tribulatione
838 3064 1043 3141 perferenda,
1067 3067 1170 3123 utnon

213 3165 331 3223 Nostra
352 3181 370 3222 a
391 3161 507 3232 Vobis,
530 3159 583 3219 sed
612 3175 631 3216 a
657 3157 753 3218 Nobis
781 3159 875 3232 atque
897 3156 936 3216 ab
957 3155 1171 3215 omnibusve

214 3261 282 3317 stra
298 3257 370 3316 fidei
385 3255 540 3333 exempla,
558 3251 765 3324 constantiae,
786 3267 822 3309 ac
843 3248 1024 3309 sanctitatis
1039 3247 1171 3322 exempla

215 3349 280 3409 sint
307 3351 451 3426 petenda.
480 3349 590 3422 Itaque
619 3344 712 3403 finem
739 3343 889 3402 faciemus
917 3360 986 3402 cum
1009 3343 1042 3402 S.
1066 3343 1169 3402 Ioanne

214 3445 458 3520 chrysostomo,
481 3439 533 3517 qui
555 3437 587 3496 in
609 3437 707 3496 simili
727 3453 911 3496 causacum
933 3439 1031 3508 esset,
1053 3452 1089 3495 ac
1110 3430 1169 3510 pari

215 3535 420 3599 tribulatione
443 3551 500 3611 pro
514 3532 656 3593 Ecclesia
674 3532 882 3607 premeretur,
899 3529 938 3590 iis
952 3529 1058 3588 verbis
1070 3527 1166 3594 fidem,
