2426 4192
427 216 605 276 -219-

448 405 586 462 11le.

368 525 661 585 EPISTOLA

47 697 311 757 Revermdissimi
332 716 369 759 ac
397 697 570 758 celsissimi
594 697 749 774 Episcopi
769 716 806 759 ac
828 697 995 772 Principis

98 790 299 852 leodicensis
321 793 364 852 ud
388 792 706 853 Eecellentissimum
727 809 765 853 oc
785 792 996 852 disserendis·

97 886 214 944 simum
234 885 518 962 Arcdiepiscopum
542 884 634 962 Tyri,
659 886 862 947 adtractum
884 883 994 945 Rheni

97 977 260 1038 Nanctum
284 980 515 1054 Apostolicum.

96 1169 397 1228 Excellentisslme
411 1184 452 1228 ao
472 1169 766 1227 Reverendiestme
779 1168 934 1228 Domine.

97 1349 211 1408 Grates
225 1347 308 1407 hisee
330 1348 407 1408 meis
428 1348 642 1408 Excellentiae
664 1350 749 1408 Tuae
771 1350 919 1425 rependo,
935 1365 992 1423 pro

46 1442 134 1500 variis
147 1442 379 1512 instrumentis,
392 1460 472 1519 quae
488 1460 631 1502 unacum
645 1442 766 1501 litteris
788 1442 852 1501 suis
869 1441 906 1500 18
919 1459 995 1500 eur·

44 1536 147 1608 nentis,
163 1534 330 1594 coniuncta
344 1536 380 1594 ad
396 1553 445 1594 me
467 1535 683 1595 transmittere
705 1552 761 1611 pro
775 1552 831 1594 sua
852 1534 995 1611 benigni-

46 1631 103 1686 tate
124 1629 270 1700 curavit,
294 1630 328 1687 ut
349 1646 389 1687 ex
417 1629 493 1705 ipsis
519 1628 657 1687 iuratum
684 1645 784 1686 meum
805 1627 993 1688 (tanonieum

46 1720 222 1780 convincere
244 1736 374 1797 possem.
390 1723 459 1782 Non
481 1721 548 1780 sine
568 1721 763 1781 iucunditate
785 1719 875 1780 hodie
895 1722 993 1780 Tuam

46 1813 267 1874 Excellentiam
289 1815 453 1874 certiorem
476 1813 577 1887 facio,
600 1814 689 1884 mihi,
712 1831 775 1900 quo⁸
792 1813 883 1872 illum
906 1831 995 1872 asuo

48 1921 143 1966 errore
166 1923 369 1980 revocarem,
392 1907 469 1967 satis
491 1907 604 1979 luisse,
628 1912 664 1966 ut
682 1908 720 1965 ad
742 1923 811 1964 eum
834 1906 994 1965 mitterem

47 2001 181 2077 exempla
202 2000 332 2059 duorum
354 1999 504 2060 Brevium
527 2001 582 2059 SS.
600 1999 706 2058 Patris
726 1997 836 2059 Nostri
858 1999 894 2058 ad
918 1999 995 2058 lllu·

47 2094 138 2154 striss.
163 2112 199 2154 ac
220 2095 441 2154 Reverendiss.
452 2097 495 2154 .1).
515 2093 682 2154 Octavium
705 2092 808 2163 Boni,
832 2092 995 2170 Archiepi·

47 2203 162 2264 scopum
184 2188 424 2259 Nazianzenum,
440 2205 475 2248 ac
489 2204 707 2265 responsorum
729 2188 766 2247 ab
781 2186 945 2247 Illustriss.
959 2204 994 2246 ac

45 2282 258 2343 Reverendiss.
280 2283 320 2342 de
341 2283 445 2342 Pedro
472 2284 509 2342 ad
532 2282 698 2342 Illustriss.
716 2301 751 2343 ac
772 2284 992 2344 Reverendiss.

44 2375 219 2454 Episcopum
245 2374 450 2436 &rossensem
472 2378 628 2448 datorum,
645 2377 841 2454 ipsorumque
863 2378 995 2437 authen·

45 2467 191 2531 ticitatem
221 2471 279 2548 ipsi
306 2474 490 2530 attestarer.
514 2472 650 2546 (tumque
677 2471 776 2530 eidem
809 2471 993 2531 tradiderim

44 2559 111 2622 duas
131 2563 283 2641 epistolas
298 2562 425 2622 Vieario
448 2580 515 2622 meo
530 2563 670 2639 generali
685 2566 721 2622 de
742 2564 849 2623 eodem
871 2565 992 2624 obiecto

45 2653 231 2730 reddendas,
255 2674 316 2717 una
336 2673 406 2715 eum
436 2657 538 2716 tribus
565 2657 734 2734 praedietis
760 2658 993 2729 instrumentis,

45 2763 125 2821 quam
147 2749 285 2809 maxime
307 2766 398 2825 spero
420 2749 499 2822 iore,
517 2753 552 2810 ut
574 2769 633 2810 non
656 2751 805 2810 minorem
828 2751 907 2828 apud
924 2767 994 2809 eum

45 2843 180 2905 ellectum
201 2843 374 2915 obtineant,
391 2842 531 2919 illudque
550 2843 740 2919 extinguant
754 2842 900 2912 schisma,
913 2842 993 2918 quod

44 2933 71 2993 in
90 2957 160 2998 mea
180 2937 319 2996 Dioeeesi
339 2937 447 2996 eodem
470 2938 506 2994 de
528 2935 649 2994 obiecto
670 2940 815 2996 exortum
837 2939 897 3007 est,
921 2935 994 2992 dum

45 3028 162 3090 iuratos
182 3031 219 3088 ad
242 3047 348 3089 sanam
371 3029 544 3089 doctrinam
560 3028 792 3088 revocaverint.

97 3122 223 3181 Gratias
244 3121 339 3181 etiam
362 3139 421 3199 ago
441 3121 654 3181 Excellentiee
676 3122 763 3180 Tuae
784 3137 874 3196 quam
897 3117 997 3178 maxi·

45 3227 102 3272 mas
116 3232 173 3291 pro
194 3215 252 3287 iis,
275 3232 352 3291 quae
374 3231 430 3291 pro
453 3231 508 3273 sua
530 3213 726 3290 benignitate
745 3212 775 3271 in
792 3211 856 3271 ouis
878 3211 996 3271 litteris

45 3303 77 3362 de
95 3307 272 3367 iuramento
301 3307 368 3366 luse
397 3306 553 3382 exposuit.
571 3308 604 3367 Id
627 3324 722 3366 nuum
744 3310 857 3381 exopto
880 3307 916 3364 ut
938 3324 994 3383 pro

45 3396 124 3459 virili
140 3418 208 3460 mea
228 3402 332 3478 parte,
345 3400 481 3459 maximo
495 3399 528 3458 S.
541 3400 674 3460 Nostrae
686 3399 862 3476 Religionis
875 3417 911 3458 ec
922 3397 995 3458 fidei

45 3487 116 3552 bono
144 3496 353 3572 promovendo
381 3511 443 3553 una
470 3493 676 3565 collaborem3
699 3495 750 3552 sed
777 3511 846 3552 cum
868 3493 996 3554 aliunde
