2430 4202
604 217 642 230 -
664 184 725 244 320
745 216 783 228 -

270 295 485 356 loramentum
507 291 669 353 libertatis
691 296 725 352 11
745 291 948 368 aequalitatis
968 291 1023 367 qni
1049 290 1203 366 praesti·¹

212 389 327 462 tarint,
342 388 454 465 quibus
468 388 576 464 poenis
597 386 817 447 subiicientnr.
834 388 875 446 Π.
890 385 942 444 87.
955 386 1022 444 -De
1049 383 1190 444 istorum

213 483 422 544 absolutione.
437 481 489 543 96.
503 484 572 542 ·De
594 483 702 541 eodem
725 481 913 541 iuramento.
932 478 1104 551 110,130.

145 599 146 602 “
231 618 237 626 -
271 579 381 636 iurare
391 575 506 651 absque
521 574 724 634 restrictione
738 573 999 634 consttutionem
1011 573 1189 648 Gallicam,

158 657 174 699 ⁸
212 670 343 747 ideoque
357 668 485 729 civilem
507 667 767 727 constitutionem
788 667 867 726 cieri
889 667 921 726 in
943 685 981 727 ea
1001 659 1203 750 contentamp

210 767 367 840 coguntur
387 779 492 821 omnes
512 761 657 839 Episcopi
679 765 740 822 etc.
758 763 783 822 1.
801 760 871 821 145.
886 761 966 820 -Sin
989 761 1118 834 minus,
1143 761 1191 818 ha·

213 859 329 917 bantur
351 861 387 917 ut
408 875 424 916 1
447 875 502 916 suo
524 857 623 933 gradu
646 855 770 916 deiecti.
785 855 863 914 ibid.

272 951 487 1010 Iuramentum
502 949 565 1009 odii
578 949 731 1010 adversus
745 947 962 1008 Monarchiam
977 946 1186 1022 improbatur
1202 991 1203 1012 ,

212 1061 232 1102 1
252 1043 310 1102 Pio
325 1044 380 1102 VI.
393 1045 434 1102 Π.
450 1043 519 1114 178,
532 1041 605 1114 204,
620 1042 693 1112 208,
708 1043 781 1114 216,
796 1041 867 1102 219.
880 1039 1004 1100 ·Nulla
1018 1057 1106 1099 vero
1123 1059 1187 1098 cen·
1202 1031 1203 1098 ἒ

216 1152 290 1196 sura
317 1138 447 1195 eatenus
474 1133 541 1196 lata
564 1135 670 1195 iuerat
691 1135 724 1192 in
746 1133 872 1210 eosqui
894 1132 975 1193 illud
1003 1133 1188 1209 praestitis·

214 1232 296 1288 sent.
315 1230 384 1288 178.

275 1324 377 1384 lurati
390 1323 535 1400 Episcopi
556 1342 576 1383 a
596 1323 735 1382 censuris
756 1321 878 1382 absolvi
902 1323 934 1380 et
954 1319 1124 1380 Ecclesiae
1143 1319 1203 1400 re}

211 1417 377 1477 conciliari
400 1435 458 1474 non
481 1419 630 1492 possunt,
654 1417 713 1477 nisi
736 1435 754 1476 a
775 1416 841 1474 solo
863 1415 988 1474 Summo
1009 1413 1203 1488 Pontifice„

272 1601 375 1661 Iurati
387 1618 492 1660 omnes
505 1600 712 1661 ecclesiastici
727 1602 766 1660 ab
782 1600 924 1660 omnibus
938 1599 1105 1658 ordinibus
1121 1615 1185 1658 sns-

211 1696 319 1772 pensi,
341 1696 368 1754 si
389 1697 476 1756 intra
497 1696 537 1756 40
557 1697 623 1756 dies
645 1714 663 1756 a
684 1696 734 1755 die
758 1696 795 1755 13
816 1695 936 1772 Aprilis
959 1695 1037 1755 1791
1061 1713 1123 1752 non
1150 1712 1182 1752 se

213 1792 475 1864 retractaverint,
499 1795 533 1850 et
553 1792 761 1868 irregulares,
777 1792 802 1851 si
817 1795 926 1869 postea
949 1791 1074 1848 ordines
1093 1805 1183 1847 exer·

213 1883 349 1942 cuerint.
364 1885 389 1942 1.
405 1884 475 1956 154,
493 1884 562 1944 155.
577 1917 591 1932 -
601 1887 676 1946 Onm
692 1885 770 1962 ipsis
784 1885 1026 1945 communicatio
1042 1899 1181 1960 praeser-

214 1973 273 2034 tim
295 1975 327 2033 in
350 1975 467 2035 divinis
488 1977 613 2036 omnino
634 1977 1015 2039 111116.1.282.·11.84.

276 2069 376 2129 iurati
403 2069 534 2145 parochi
556 2069 608 2129 111
629 2070 801 2130 sacerdotis
823 2071 949 2142 Missae,
970 2069 1099 2146 aliisque
1120 2086 1176 2144 pu·

214 2162 304 2222 blicis
325 2163 470 2239 precibus
498 2181 572 2222 num
600 2163 709 2223 diebus
738 2163 902 2225 ferialibus
932 2164 984 2224 vel
1014 2162 1176 2222 dominicis

214 2257 361 2316 assistere
386 2257 493 2318 liceat.
511 2259 551 2317 11.
568 2259 619 2316 84.
633 2259 717 2319 -1111
739 2258 968 2318 absolutionem
990 2261 1025 2317 11
1044 2275 1176 2316 commu·

215 2349 340 2409 nionem
368 2351 465 2410 otiam
487 2352 519 2410 in
541 2351 694 2411 Paschate
716 2351 768 2410 111
790 2351 904 2413 mortis
932 2352 1071 2412 articulo
1094 2354 1176 2428 pete-

215 2462 261 2502 re.
278 2442 330 2514 85,
345 2444 395 2503 86.
409 2445 675 2506 -Sacramentum
698 2446 898 2522 baptismatis
912 2445 1065 2522 recipere,
1082 2446 1134 2505 vel
1147 2445 1174 2502 in

215 2557 252 2598 1ο
275 2536 395 2614 patrini
417 2556 545 2598 munere
573 2538 675 2616 iungi.
689 2538 1048 2600 Ibid-Matrimonium
1077 2556 1173 2599 coram

214 2651 250 2693 eo
271 2632 443 2707 celebrare,
466 2634 520 2692 111
541 2633 728 2692 mulieribus
749 2633 1000 2694 benedictionem
1021 2636 1092 2710 post
1112 2650 1174 2711 par·

216 2729 283 2788 tum
306 2727 456 2803 recipere.
473 2727 525 2787 86.

273 2819 457 2881 Iurisdictio
470 2819 665 2898 Episcopalis
686 2837 741 2880 seu
763 2820 911 2880 canonica
931 2820 1037 2880 missio
1058 2838 1076 2880 a
1096 2837 1172 2880 man·

215 2917 288 2975 dato
310 2915 509 2991 Apostolicae
524 2914 613 2975 Sedis
629 2913 718 2975 unice
733 2914 955 2992 proficiscitur.
972 2915 997 2974 I.
1013 2915 1170 2987 133,134.-

215 3012 248 3069 11
269 3011 307 3069 11)
329 3027 366 3068 ea
386 3009 485 3068 omnis
506 2997 651 3085 legitima
671 3007 777 3068 missio
803 3007 954 3070 dimanat.
978 3006 1167 3079 Ι.129,130.

273 3103 377 3166 Iurati
391 3102 516 3164 secundi
538 3101 656 3161 ordinis
674 3121 693 3162 a
710 3101 912 3178 suspensione
926 3097 1094 3160 Pontificio
1107 3117 1169 3175 pos·

214 3201 288 3257 sunt
316 3195 438 3257 absolvi
459 3214 477 3256 a
499 3195 563 3255 suis
582 3193 742 3272 Episcopis
763 3194 815 3253 vel
842 3192 1027 3253 dioecesium
1053 3211 1168 3252 suarum

215 3290 539 3363 administratoribus,
560 3289 616 3348 sub
631 3288 742 3366 quibus
757 3286 1000 3347 conditionibus.
1017 3287 1041 3345 1.
1053 3285 1167 3346 286.-11

215 3383 254 3444 ab
275 3382 386 3442 iisdem
402 3382 575 3460 dispensari
596 3382 635 3441 ab
656 3379 899 3458 irregularitate
920 3377 1057 3440 incursa.
1072 3378 1167 3438 ibid.-

214 3480 279 3538 Iam
301 3493 393 3548 nunc,
410 3477 507 3537 etiam
522 3476 615 3536 extra
630 3473 706 3534 fines
721 3472 871 3534 dioecesis
890 3471 1070 3535 Gallicanae
1090 3475 1118 3533 11
1136 3472 1162 3530 in
