2426 4192
21 347 100 419 atque
119 344 281 404 indubium
300 345 385 405 edidi
405 346 634 406 documentum.
664 346 762 412 Quale
790 365 965 410 sacramen·

21 441 92 497 tuml
113 437 215 515 qualis
236 439 454 517 inauguratio!
479 439 583 500 omnia
603 439 758 518 originem
772 442 965 504 novitatem-

20 549 67 606 que
86 531 257 593 miuisterii
280 532 341 592 mei
362 532 611 607 annunciabant,
640 533 722 592 muri
743 533 803 612 ipsi
824 533 891 596 eius
910 554 965 596 ve·

20 623 154 685 nerabilis
175 624 333 686 Ecclesiae
349 625 539 686 videbantur
552 642 653 684 meam
667 625 895 702 reprehendere
910 644 965 689 au-

20 715 134 789 daciam,
157 736 217 795 ego
237 721 342 778 tamen
362 718 435 778 inde
456 719 556 797 magis
577 721 666 778 modo
687 723 882 795 excaecatus,
898 740 965 783 ma·

21 807 58 882 gis
75 811 250 871 obstinatus
270 812 403 871 excessi.
417 813 488 872 Mea
508 815 673 889 praetcrea
698 815 873 890 pastoralis
899 816 965 892 epi·

18 903 85 960 stola
103 903 183 963 nihil
205 903 290 964 aliud
314 906 396 978 erat,
410 921 502 982 quam
523 904 668 982 apologia
689 905 749 964 mei
771 906 962 981 schismatis,

18 989 137 1055 defensio
159 997 297 1057 omnium
319 997 539 1075 religiosarum
561 1001 594 1058 at
614 998 757 1059 civilium
778 999 963 1061 innovatio-

20 1105 90 1164 num,
104 1108 185 1167 quae
199 1090 232 1149 in
247 1090 382 1167 patriam
398 1107 498 1150 meam
512 1089 655 1151 invectae
669 1091 809 1154 fuerunt.
826 1093 963 1155 ‹Susci-

19 1179 108 1256 pietis,
131 1183 164 1242 in
186 1203 224 1244 ea
244 1184 383 1244 dicebam
403 1184 533 1261 populo,
560 1205 675 1247 novum
703 1189 888 1262 Pastorem,
910 1186 965 1266 qui

19 1275 93 1336 venit
118 1277 150 1336 in
181 1277 305 1337 nomine
325 1277 449 1339 Domini
470 1279 508 1338 ed
530 1296 586 1338 vos
607 1279 886 1354 illuminandos3»
907 1298 964 1359 ego

20 1367 107 1429 tamen
121 1390 178 1432 ceu
193 1390 213 1432 a
227 1375 384 1452 potestate
399 1372 552 1433 saeculari
567 1373 692 1447 missus,
705 1375 873 1434 secuudum
885 1376 964 1435 Ocn-

21 1461 73 1523 cilii
86 1469 263 1532 Tridentini
275 1471 507 1549 expressionem
519 1470 570 1532 fur
580 1474 703 1531 tantum
716 1475 750 1531 et
760 1471 845 1532 latro
859 1489 961 1547 eram3

22 1559 47 1615 et
64 1560 97 1618 ab
116 1563 270 1638 Ecclesia,
292 1583 371 1642 quae
391 1564 606 1624 columoaiest
625 1563 786 1638 veritatis,
809 1565 961 1640 extorris,

21 1649 139 1714 tenebris
160 1656 329 1718 immersus
349 1674 434 1718 eram
457 1656 660 1731 densissimis;
683 1673 781 1733 neque
800 1658 861 1717 iarn
877 1657 963 1719 aliud

23 1747 152 1819 aquabar
172 1751 370 1824 institutum,
387 1750 447 1810 nisi
462 1767 600 1811 errorem
615 1747 827 1827 praedicandi,
842 1752 877 1810 et
890 1769 964 1828 gra-

23 1833 205 1905 vissimorum
221 1844 396 1904 facinorum
412 1843 564 1904 vindicias
577 1840 760 1902 adornandi.
776 1859 795 1903 c
810 1843 964 1920 Suscipie-

23 1925 56 1986 tis
67 1949 151 2008 eum,
167 1937 223 2015 qui
237 1956 294 1997 vos
309 1937 539 2010 sanctificabit3
554 1952 574 1995 a
587 1938 621 1995 et
635 1935 846 1995 ministerium
860 1954 964 1997 meum

24 2022 125 2100 sterile,
147 2030 179 2090 in
203 2029 327 2109 impura
347 2031 539 2108 scaturigine
561 2046 618 2089 sua
637 2027 773 2100 aridum,
796 2029 877 2089 haud
893 2047 964 2088 cou-

24 2127 118 2178 ncxum
132 2123 320 2183 successioni
335 2122 536 2200 apostolicae,
552 2138 631 2198 quae
646 2119 714 2179 sola
728 2119 807 2180 illud
823 2120 963 2182 animare

24 2209 145 2288 poterat,
178 2214 226 2275 nil
247 2214 415 2275 exhibebat
436 2213 541 2287 aliud,
565 2212 626 2272 nisi
648 2209 849 2273 simulacrum
871 2214 964 2274 inane

22 2294 221 2392 Eliscopsetus,
244 2306 473 2367 imbecillorum
494 2305 686 2379 scandalum,
712 2307 868 2366 terrorem
890 2306 964 2367 fide-

23 2383 83 2452 lium
102 2401 289 2461 animarum.
306 2398 524 2476 (suscipietis
543 2416 626 2472 eum,
649 2400 868 2475 prosequebar,
885 2404 965 2460 mm·

23 2496 96 2554 quam
123 2510 220 2569 purae
249 2493 340 2566 fidei,
370 2510 531 2555 sacrorum
552 2508 630 2568 quae
652 2490 798 2568 proponit
824 2492 965 2555 Ecclesia

23 2570 181 2654 dogmatum
205 2587 440 2663 depositarium,
456 2588 490 2644 et
510 2584 632 2644 sincera
654 2583 768 2643 unione
789 2583 895 2661 Gapiti
909 2604 964 2645 suc

23 2671 222 2753 coniunctum,
237 2696 257 2739 a
271 2683 305 2740 et
332 2697 401 2740 mea
429 2679 541 2757 agendi
562 2677 646 2738 ratio
666 2695 702 2738 ec
722 2695 792 2737 mea
820 2679 965 2740 doctrina

24 2755 81 2822 fidei
92 2777 318 2850 perpetuaeque
329 2772 487 2833 Ecclesiae
499 2771 682 2848 disciplinae
701 2788 890 2848 repugnans,
907 2774 965 2832 de-

24 2850 153 2924 cisionum
174 2866 242 2926 eius
255 2865 531 2938 infallibilitatem,
547 2863 711 2943 regiminis
726 2863 963 2938 auctoritatem,

25 2959 86 3022 ⁰⁸³1,
107 2975 197 3033 quam
220 2959 360 3020 universi
382 2960 491 3021 fideles
511 2961 638 3020 Summo
659 2958 806 3018 Pontifici
831 2958 962 3032 debent,

23 3036 209 3113 obedientiam
230 3054 407 3113 evertebat.
424 3054 491 3120 Qua
505 3071 563 3131 ego
578 3053 769 3130 deploranda
783 3051 972 3113 temeritate·

24 3143 183 3206 ffaenerare
204 3147 366 3220 audebam,
389 3148 470 3222 quod
492 3145 606 3205 electio
621 3163 702 3219 mea,
717 3162 787 3204 mea
800 3161 971 3205 eonsecra-⁴

24 3221 68 3298 lib
87 3249 211 3317 meaque
232 3241 264 3299 in
287 3240 398 3300 Sedem
420 3239 634 3318 Episcopalem
655 3257 674 3298 a
694 3238 788 3315 longo
808 3236 869 3296 iam
885 3240 964 3298 tem·

24 3327 82 3387 pone
101 3333 260 3393 vacantem
282 3333 404 3392 evectio
426 3331 545 3393 fuerint
558 3331 723 3391 canonicae
738 3334 771 3391 et
785 3329 960 3411 conformes

23 3403 160 3482 Ecclesiae
171 3425 344 3502 primorum
359 3424 555 3484 saeculorum
569 3424 772 3501 disciplinael
784 3424 881 3491 Quam
896 3425 972 3486 fau··

25 3501 78 3563 stus
95 3514 168 3590 mihi
189 3523 223 3580 et
243 3519 356 3598 populo
378 3521 521 3590 eventus,
544 3520 623 3595 quod
646 3519 711 3578 tam
727 3516 821 3578 multi
834 3535 961 3579 errores
