2424 4196
407 211 585 270 -151-

26 314 144 376 litteris
156 317 397 396 presbyteratus
417 335 493 395 quas
513 319 552 378 ab
572 318 639 395 ipso
660 318 808 397 petebant
821 317 852 377 in
868 317 974 378 odium

27 411 186 471 sacerdotii
200 411 377 486 christiani,
393 411 527 473 tradidit
540 411 606 473 illis
626 414 768 473 chartam
783 409 884 470 latino
898 409 976 470 idio·

26 508 99 562 mate
119 507 271 581 quaedam
292 507 411 583 scripta
432 506 655 580 continentem,
667 523 758 583 quam
775 522 833 582 pro
848 522 905 564 sua
919 503 976 562 im-

26 598 143 674 peritia,
160 600 399 678 presbyteratus
418 601 545 663 litteras
559 619 627 660 esse
648 598 861 660 crediderunt.
875 600 977 666 Quae·

26 690 100 750 titur
120 695 230 752 utrum
255 711 312 771 per
334 695 525 772 praedictam
549 691 820 755 renunciationem
841 690 976 751 functio-

25 784 105 844 nibus
129 786 197 847 suis
224 788 474 864 parochialibus,
503 792 536 849 et
562 805 618 864 per
639 786 745 848 fictam
769 785 974 847 traditionem

24 877 199 940 litterarum
230 883 492 960 presbyteratus,
524 882 660 959 aliquam
683 898 846 942 censuram
871 879 974 940 veluti

25 975 161 1048 apostata
181 973 356 1035 incurrerit
377 976 538 1053 praefatus
560 976 729 1035 Paroehus.

74 1069 121 1126 Ad
146 1068 279 1128 tertium
305 1070 430 1130 dubium
458 1071 669 1146 Responsum.
696 1069 790 1129 Illum
812 1068 975 1128 incurrere

23 1156 49 1216 in
61 1177 207 1221 censuras
221 1161 357 1222 inflictas
369 1182 387 1223 a
398 1163 496 1222 sacris
507 1162 682 1225 Oanonibus
693 1166 806 1223 contra
815 1163 976 1238 apostatas

22 1252 56 1311 ab
75 1254 193 1313 Ordine
214 1257 285 1315 ete
309 1255 477 1332 Religione
498 1257 673 1316 catholica.

68 1349 116 1406 Ex
126 1347 436 1422 aedibusVaticanis,
446 1349 495 1408 dic
506 1351 613 1410 XXIX
621 1347 730 1410 Martii
740 1343 974 1408 MDGOXOVII.

416 1562 579 1620 ΧΙΝΙΙ.

312 1687 442 1731 omncro
463 1689 545 1731 nm1o
565 1688 685 1732 uosrno

49 1842 246 1904 DOMINIOO
268 1845 300 1904 S.
316 1847 355 1906 R.
372 1847 409 1906 E.
424 1846 700 1907 PRESBYTERO
719 1843 944 1906 GARDINALI

336 1938 651 1999 RUPEFUOALDIO

218 2103 467 2183 Arcbiepiscopo
487 2107 738 2185 Rotbomaqeusi

231 2266 401 2348 PIUS
451 2266 643 2345 PAPA
693 2268 760 2346 VI.

74 2461 210 2521 Dilecto
223 2462 294 2520 Fili
306 2464 455 2534 Noster,
469 2463 621 2522 salutem
636 2468 671 2522 et
684 2464 922 2534 spontaneam

345 2558 640 2616 Benediotlonem.

76 2732 222 2805 Utinam,
243 2730 358 2792 dilecte
379 2731 443 2793 Fili
463 2734 598 2805 Noster,
620 2750 712 2809 quam
736 2751 793 2811 pro
821 2732 978 2811 singulari

22 2827 72 2885 tuo
93 2825 122 2885 in
144 2829 209 2889 Nos
237 2826 341 2886 studio
370 2826 544 2903 gratularis
565 2827 662 2887 Nobis
690 2829 848 2904 receptam
873 2846 891 2886 a
912 2830 975 2887 Deo

22 2919 248 2991 valetudinem,
271 2920 398 2978 eandem
422 2936 543 2978 omnem
564 2918 741 2996 impendere
766 2919 921 2997 possimus
941 2919 974 2977 in

21 3013 205 3073 vindicando
225 3032 244 3074 a
264 3010 408 3072 maximis
423 3013 516 3072 huius
530 3012 680 3090 temporis
695 3011 853 3072 aerumnis
867 3012 975 3072 Eccle-

22 3105 77 3164 ria.
98 3107 182 3173 Quod
211 3109 298 3165 certe
326 3105 472 3182 consequi
500 3123 559 3164 non
582 3113 646 3165 tam
669 3121 829 3182 speramus
849 3104 889 3164 ab
910 3104 976 3164 ulle

20 3215 110 3274 opera
128 3202 266 3272 Nostra,
289 3216 357 3258 cnm
379 3197 528 3275 quidquid
552 3196 718 3256 fecerimus
739 3195 825 3262 servi
845 3195 974 3256 inutiles

22 3291 124 3366 rimus,
144 3310 237 3370 qnam
257 3293 314 3352 Dei
335 3292 450 3352 excelsi
471 3293 615 3364 dextera,
638 3290 691 3368 qui
714 3290 837 3350 tandem
859 3292 893 3348 et
911 3291 976 3351 No-

22 3385 95 3446 stris
115 3391 147 3447 et
167 3385 232 3446 tuis
251 3386 360 3462 tuique
381 3385 531 3446 similium
554 3385 636 3445 votis
651 3383 849 3461 lacrimisque
864 3385 902 3446 ad
917 3383 978 3444 mi·

23 3476 218 3542 sericordiam
240 3479 398 3541 flectatur.
