2506 4198
449 253 626 318 -1912-

45 356 290 432 Episcoporum,
308 361 358 417 tot
378 359 678 434 Ecclesiastieorum,
702 365 751 422 tot
771 380 930 444 sacrarum
947 365 1018 428 Vir·

46 449 166 524 girum,
194 453 247 510 tot
270 441 523 524 Coenobitarunl,
546 458 595 513 tot
616 455 747 532 denique
775 457 1019 518 christianorum

44 547 216 607 illustrata
230 545 288 607 Dei
304 548 437 624 gloriam
460 549 524 610 erit
544 553 729 627 operatural
742 554 934 614 Praesertim
949 573 1018 614 cum

44 641 283 700 exercitatione
305 639 440 702 virtutis
462 643 671 720 refrigescens
691 646 721 703 in
745 649 857 707 mundo
879 647 1018 708 charitas

42 732 301 792 christianorum
329 734 376 793 ita
399 735 442 794 sit
463 753 519 812 per
546 737 782 798 tribulationem
812 739 1015 801 inflammata:

42 826 270 903 philosophiae
283 827 426 904 pravitas
446 846 486 888 ex
508 830 691 905 perniciosis
712 831 775 892 suis
796 832 950 892 fructibus
970 834 1016 893 ita
1071 843 1074 850 “

42 921 81 977 sit
103 919 278 979 refutata:
302 921 479 996 Religionis
508 926 659 985 sanctitas
679 943 720 984 ex
740 925 932 985 admirandis
953 927 1016 986 suis

42 1013 228 1072 virtutibus
251 1012 299 1070 ita
320 1013 363 1071 sit
384 1013 559 1075 illustrata:
583 1018 781 1093 probatorum
806 1019 881 1078 tides
906 1020 1017 1078 haere·

44 1108 188 1165 ticorum
214 1105 414 1165 contentione
436 1107 483 1167 ita
503 1111 669 1170 manifesta
690 1111 732 1169 sit
752 1111 856 1171 factal

103 1202 197 1260 Haec
220 1198 323 1276 igitur
344 1200 567 1275 miserationiS,
589 1223 625 1264 ac
647 1204 730 1280 pacis
751 1209 905 1281 tempora,
922 1195 1017 1264 rene·

40 1353 94 1400 rati
115 1351 237 1399 Aeeinue
255 1349 372 1399 Aureoli
383 1350 479 1400 Piceni
488 1355 644 1411 Praefectus,
657 1356 748 1401 oetens
759 1355 924 1401 Praesulibus
941 1357 1015 1413 atque

41 1431 181 1484 utriusque
199 1426 353 1483 signaturae
368 1427 558 1474 Referendan'is
574 1425 791 1475 Iacobo-Oarelo
810 1427 952 1474 Borromcc
963 1426 1015 1474 Pa-

41 1503 136 1551 tauino
156 1504 339 1550 Protonotario
358 1505 524 1561 apostolico,
549 1508 624 1562 atque
647 1506 797 1551 Provinciae
818 1503 970 1550 Maritimae
990 1512 1015 1552 et

43 1575 216 1641 Oompaniae
232 1577 362 1634 Praeside,
381 1576 456 1625 Iulio
476 1577 588 1626 Caesare
607 1579 751 1641 Gymnasio
765 1578 886 1626 Romano
897 1578 1015 1627 Sabinae

41 1653 177 1710 Praeside,
192 1650 244 1698 Pie
257 1650 368 1700 Pucceti
380 1651 538 1713 Oinpalamo
550 1657 727 1702 Protonotario
738 1656 895 1713 Apostolieo,
909 1653 1016 1716 Spoleti

41 1731 191 1785 Praefecto,
211 1726 439 1787 Amycle-Alcinio
457 1727 543 1778 Nessi
560 1731 682 1778 Romano
701 1729 793 1777 Beatis
810 1733 950 1787 Praefecto,
968 1745 1014 1778 neo

40 1820 91 1853 non
106 1803 223 1852 Ioanne
240 1801 355 1850 Barbari
370 1807 536 1854 Procuratore
552 1808 648 1854 Fisoali
665 1808 792 1863 cameras,
810 1809 836 1852 et
854 1803 942 1853 Paulo
957 1804 1012 1852 Vir·

42 1879 138 1940 penio,
150 1880 182 1924 de
200 1891 249 1936 quo
267 1893 353 1938 supra,
365 1880 431 1927 idem
440 1883 519 1928 maris
530 1885 579 1930 iter
588 1881 746 1929 Hetrurinm
757 1895 847 1930 versus
857 1882 1012 1929 tenentibus.

42 1957 87 2002 Sed
104 1969 162 2001 non
180 1954 201 2000 ii
216 1956 317 2000 tantum
332 1958 428 2014 septem
445 1957 594 2004 cardinales
610 1958 690 2015 fuere,
709 1959 753 2016 qui
769 1971 814 2016 pro
827 1959 920 2004 Sancta
930 1959 1014 2004 Eccle-

41 2035 79 2078 sia
97 2032 150 2078 Dei
170 2030 302 2075 aerumnis
319 2033 346 2075 et
366 2032 492 2088 angustiis
513 2033 643 2088 claruere,
664 2033 756 2090 quique
776 2045 822 2090 pro
842 2032 896 2078 eius
915 2033 1012 2078 honore

42 2105 181 2165 permultis
198 2106 379 2152 vexationibus
396 2120 450 2153 sese
467 2108 603 2165 sribiecere,
621 2111 647 2153 et
663 2122 715 2154 non
730 2109 812 2154 invito
829 2108 914 2154 animo
934 2109 1013 2154 ecole-

41 2183 157 2230 siasticis
168 2181 225 2227 suis
236 2181 359 2226 reditibus
371 2182 475 2240 spoliari
485 2184 555 2241 passi
566 2185 635 2240 sunt,
649 2197 707 2229 eum
716 2187 741 2230 et
752 2184 796 2229 alii
807 2183 959 2240 exstiterint,
968 2185 1012 2241 qui

40 2259 130 2304 eodem
146 2256 243 2314 spiritu
260 2256 368 2302 sulmati
385 2269 504 2314 generose
520 2257 671 2315 fortiterque
683 2261 768 2304 omnia
777 2259 930 2315 tolerarunt,
948 2272 1012 2317 quos

40 2337 264 2382 internumerare
288 2332 371 2391 placet
388 2330 521 2379 Ioannem
538 2331 713 2381 Franciseum
737 2335 890 2394 Episcopum
911 2334 1011 2383 Ostien-

39 2424 90 2456 sem
108 2415 136 2455 et
157 2405 324 2455 Veliternum
341 2410 366 2453 S.
386 2411 416 2454 R.
433 2411 462 2454 E.
477 2409 637 2456 Cardiualem
655 2409 757 2457 Albani
770 2412 928 2468 Urbiuatem,
940 2415 1012 2460 Sacri

41 2488 154 2533 Senatus
171 2486 310 2540 Deeauum,
323 2481 509 2530 Alexandrum
526 2486 551 2530 S.
563 2487 659 2532 Mariae
675 2487 704 2532 in
719 2488 773 2533 Ara
791 2488 861 2534 caeli
884 2501 909 2545 p.
923 2500 945 2536 o.
957 2486 1013 2534 Ma·

41 2560 164 2608 tlraeium
177 2557 346 2618 Romanum,
363 2561 389 2604 st
405 2560 629 2618 Archiapisoopum
645 2559 861 2623 Ferrarieneem,
879 2564 922 2620 qul
940 2564 1012 2621 prius

42 2633 157 2682 Brixiae
177 2646 278 2680 carcere
302 2635 435 2680 claustrali
456 2635 550 2680 dudum
571 2636 706 2693 detentus,
730 2637 763 2684 ad
782 2651 855 2685 auam
871 2638 1012 2684 Ecclesiam

40 2713 174 2766 remissus,
193 2722 271 2767 quum
285 2724 333 2756 neo
350 2711 505 2770 opinaretur,
517 2713 549 2759 ab
562 2714 619 2770 ipsa
634 2716 720 2759 iussus
736 2713 787 2759 fuit
802 2714 913 2769 exulare,
926 2711 1011 2772 Iana-

43 2788 110 2835 tium
123 2789 149 2834 S.
161 2788 258 2833 Mariae
267 2788 423 2844 Angelorum
439 2803 463 2847 p.
476 2803 498 2835 o.
515 2788 601 2836 Busea
613 2787 839 2836 Mediolanensem
850 2790 1011 2836 Praefectum

43 2863 255 2921 congregationis
271 2863 427 2921 Disciplinae
442 2864 584 2920 Begulsris,
602 2866 628 2909 et
643 2862 776 2911 Ioannem
793 2861 935 2925 siffridum
946 2862 1011 2911 San-

43 2935 176 2984 ctissimae
192 2934 334 2984 Trinitatis
352 2935 387 2984 od
404 2934 522 2984 Mentem
541 2935 667 2985 Pineium
687 2953 711 2996 p.
731 2953 752 2985 c.
772 2937 869 3000 Maury
892 2935 1010 2985 Venulei-

42 3025 117 3072 num,
134 3013 362 3071 Archiepisoopum
377 3015 403 3059 et
418 3014 572 3072 Episcopum
589 3012 689 3061 Montis
704 3011 844 3061 Pleisconis
861 3014 905 3072 qui
921 3014 1010 3060 multis

44 3089 171 3148 angustiis
188 3089 293 3134 coactus
310 3101 325 3134 a
340 3101 388 3135 sua
404 3089 519 3135 Ecclesia
536 3088 662 3146 recedere,
674 3089 743 3134 vitae
759 3088 862 3134 tandem
878 3101 939 3134 suae
953 3089 1009 3134 tuto

43 3163 181 3210 consuluit.
199 3163 331 3222 ipsissima
347 3177 446 3222 quoque
462 3165 602 3211 evenerunt
616 3163 731 3210 Praesuli
747 3160 863 3210 Herculi
881 3161 1010 3210 Consului

43 3239 165 3295 Rammo,
177 3241 203 3284 et
215 3240 307 3286 Sacrae
317 3241 397 3286 Rotae
407 3238 534 3286 Auditori.
546 3240 618 3286 Alios
633 3240 712 3286 etiam
728 3240 753 3285 S.
765 3242 795 3285 R.
807 3242 836 3286 Ε.
850 3238 1006 3297 Cardiuules,

43 3315 67 3358 et
83 3314 221 3360 Praesulss
236 3327 367 3361 recensere
383 3317 497 3362 nostrum
513 3317 588 3372 esset,
600 3317 644 3373 qui
659 3317 718 3374 post
728 3316 858 3362 Pontiflois
867 3316 1008 3374 Epistulam

44 3388 145 3436 labores
161 3390 310 3448 doloresque
327 3391 429 3438 fortiter
444 3391 584 3437 subierunt.
596 3391 643 3437 Sed
654 3405 707 3438 uon
721 3393 819 3450 patitur
836 3393 1008 3440 adnotationis

45 3464 167 3524 brevitas,
184 3478 231 3512 neo
247 3465 279 3512 ad
295 3467 371 3513 finem
385 3467 459 3514 nobis
475 3466 630 3525 propositum
645 3467 672 3513 id
688 3469 795 3526 spectat.
816 3464 910 3529 (Nate
926 3466 1006 3517 Edit.

46 3536 80 3588 D.
98 3537 209 3587 Haloti
224 3553 270 3586 an.
289 3539 351 3586 1799
362 3553 428 3604 pap.
444 3538 521 3602 308).
