2426 4192
39 292 117 366 mum
129 290 244 360 lueret,
257 295 294 351 nt
307 291 387 353 nihil
402 290 661 365 determinarent,
674 289 735 350 nisi
750 293 820 368 post
831 290 986 352 delibera-

40 382 143 443 tionem
154 385 296 460 Gonsilii,
308 387 387 463 quod
399 385 476 463 ipsis
488 387 527 447 ab
537 404 575 447 ea
588 383 782 463 assignatum
793 385 907 445 iuerat.
918 386 985 444 Hoc

39 475 187 538 decretum
208 478 352 539 laedebat
371 478 586 556 Episcopalam
606 478 838 549 anctoritatem,
854 483 888 538 et
901 477 985 557 regi-

37 587 96 630 men
117 571 156 632 ab
178 571 245 649 ipso
264 572 391 634 christo
406 571 588 633 institutum
603 571 635 630 in
650 571 799 633 Ecclesia.
816 574 859 632 At
873 589 912 631 ex
928 591 983 632 usu

38 665 124 724 raons
143 665 314 725 canonibus
334 666 560 738 commendato,
581 682 672 743 quem
685 669 720 725 et
732 664 920 726 sanctissimi
935 683 985 724 se-

36 757 114 833 quuti
135 761 211 818 sunt
230 760 385 836 Episcopi,
409 763 446 819 ut
465 759 632 820 consilinm
647 777 734 820 suum
754 759 982 832 consultarent,

35 855 150 926 praesto
162 851 241 912 mibi
252 853 354 913 adluit
365 855 560 929 praetextus,
570 854 650 912 unde
661 853 894 913 innovationem
905 853 986 912 bane

35 946 267 1022 comprobarem.
287 949 363 1006 Eam
384 946 572 1007 confundere
593 946 737 1007 affectavi
758 965 826 1006 cum
850 965 907 1006 usu
929 965 985 1006 ve-

35 1040 100 1111 teri,
122 1039 177 1116 qui
200 1040 237 1100 ad
259 1040 318 1098 hoo
340 1057 435 1100 unum
457 1040 655 1100 introductus
676 1039 796 1114 fuerat,
819 1043 855 1100 ut
875 1041 986 1100 aucto-

35 1131 116 1192 ritati
137 1132 197 1192 lux
218 1130 446 1209 praeferretur,
469 1149 564 1210 eaque
586 1133 685 1211 magis
706 1132 850 1194 amabilis
870 1134 985 1192 evade·

34 1228 88 1299 ret3
100 1226 249 1304 atqueita
259 1226 440 1303 Episcopum
454 1227 776 1287 exclusivoEcclesiac
789 1243 861 1286 suae
872 1227 985 1302 guber-

34 1319 144 1378 nandae
166 1319 236 1378 inre
257 1335 386 1391 exuens,
402 1333 511 1378 verum
527 1319 616 1378 docui
628 1317 981 1395 Presbyterianismum.

34 1411 88 1470 Snb
99 1429 134 1470 eo
148 1414 331 1489 praetextu,
347 1411 426 1486 quod
440 1409 531 1470 iuxta
545 1411 692 1487 antiquae
707 1410 889 1487 disciplinae
899 1411 984 1488 leges

33 1505 167 1582 Episcopi
190 1503 337 1564 canonice
357 1504 520 1579 potuerint
539 1504 681 1565 ordinari
696 1505 762 1565 sine
776 1504 877 1565 Bullia
893 1506 984 1565 Sum-

33 1597 69 1656 mi
88 1596 267 1669 Pontiflcis‚
289 1595 427 1655 conclusi
447 1613 499 1656 eos
520 1597 626 1656 eodem
642 1599 730 1658 modo
744 1615 831 1675 posse
846 1598 983 1673 institui,

33 1707 65 1750 en
83 1711 143 1768 quo
166 1689 308 1752 Ecclesia
328 1692 505 1764 statuerat,
534 1694 571 1750 ut
590 1692 718 1751 absente
741 1694 887 1752 mandato
908 1709 985 1770 apo·

33 1785 135 1846 stolico
156 1784 247 1845 nulla
267 1787 372 1861 posset
392 1784 500 1844 baberi
521 1785 668 1846 canonica
688 1785 910 1862 Episcoporum
931 1801 984 1845 or·

32 1876 153 1939 dinatio.
179 1878 244 1936 Obl
266 1893 357 1954 quam
379 1876 489 1953 ignota
509 1875 587 1936 mihi
609 1877 738 1937 luerunt
753 1881 818 1936 tum
835 1895 911 1937 vara
923 1879 983 1938 Ec·

33 1971 137 2033 clasiae
165 1971 370 2043 constitutio,
401 1979 468 2031 tum
489 1969 701 2032 sacratissima
722 1969 857 2030 visibilis
886 1970 983 2047 ipsius

31 2065 141 2142 Capitis
156 2066 246 2124 iurat
264 2063 442 2124 Successori
457 2065 489 2124 S.
504 2063 593 2124 Petri
605 2064 792 2142 denegabam
805 2063 982 2124 Primatum

32 2159 103 2220 hunc
131 2159 381 2232 iurisdictionis,
409 2177 497 2236 quem
527 2160 566 2219 ab
592 2158 659 2236 ipso
685 2158 812 2220 Ohristo
841 2158 981 2233 obtinet,

31 2269 176 2330 quemque
190 2253 260 2312 tota
273 2269 394 2328 semper
408 2251 540 2329 agnovit
553 2251 703 2312 Ecclesia.
719 2251 894 2314 Primatum
910 2271 987 2312 eun·

31 2347 89 2405 dem
101 2348 138 2408 ad
153 2344 326 2422 simplicem
338 2362 412 2422 prae
423 2345 538 2404 ceteris
548 2345 708 2422 Episcopis
726 2345 981 2422 praesidentiam,

29 2438 358 2518 indispensabilcmque
370 2456 438 2498 curn
451 2439 530 2497 Sede
541 2439 722 2514 apostolica
737 2439 983 2500 communionem

30 2533 62 2592 ad
73 2549 189 2594 vanam
200 2532 351 2610 epistolae
363 2533 536 2592 mittendae
548 2532 773 2594 formalitatem
790 2534 980 2611 redigebam.

30 2625 139 2689 Brevia
153 2646 191 2688 ac
205 2627 374 2688 decisiones
396 2627 514 2688 Summi
533 2629 697 2689 pontilicis
712 2629 851 2689 censorio
864 2629 987 2690 calamo

30 2719 256 2800 impugnabam.
286 2723 347 2782 Eas
374 2721 527 2782 acetaria
546 2722 708 2800 Episcopis
730 2722 851 2782 nonnisi
872 2739 912 2780 ex
933 2723 986 2781 dc-¹

30 2813 106 2876 iectu
128 2815 284 2876 examinis
298 2833 334 2876 ac
348 2814 520 2889 libertatis,
536 2815 659 2875 nonnisi
674 2816 846 2893 cupiditate
861 2818 917 2875 aut
930 2832 985 2890 po-

30 2904 113 2972 litica
133 2915 206 2971 arta
226 2908 420 2987 impellente,
436 2908 558 2968 nonnisi
581 2908 749 2986 tyrannide
763 2907 917 2968 Aularum
933 2923 984 2965 co-

31 3009 118 3080 gente
140 3008 319 3080 acceptatus
340 3001 434 3062 inisse
455 3001 642 3062 asserebam.
666 3002 803 3078 Denique
817 3001 861 3060 sic
876 2999 984 3060 Eccle-

30 3097 88 3158 siae
109 3099 270 3175 dispersae
297 3096 518 3156 anctoritatem
547 3097 710 3154 destruere
735 3095 982 3154 attentabam.E

28 3191 144 3252 cuano
165 3209 232 3252 meo
253 3190 296 3251 fel
317 3190 527 3268 malignitatis
550 3187 739 3262 distillavit3
764 3191 904 3264 satyram
930 3203 985 3247 ar-

28 3284 196 3358 gumentis,
219 3283 352 3344 ironiam
374 3282 503 3359 ponderi
525 3281 727 3344 auctoritatis
742 3279 882 3357 opposui3
897 3278 984 3339 clero

27 3374 109 3436 fideli
130 3376 265 3437 colorem
289 3375 457 3436 ridiculum
472 3375 599 3437 illinere
613 3379 741 3436 conatus
755 3392 842 3448 sum3
858 3372 920 3433 imo
933 3391 985 3433 ca·

28 3463 145 3530 lamnia
165 3470 233 3546 ipss
247 3472 389 3529 armatus
403 3467 527 3541 incessi,
542 3470 614 3529 dum
629 3471 769 3545 pastores
783 3467 913 3541 zelosos,
928 3465 982 3543 qui
