2522 4200
399 329 662 416 INDEX

273 561 428 628 RERUM
450 559 789 629 PRAECIPUARUM

135 779 216 837 QUAE
241 779 358 827 DUOBUS
381 778 921 832 015οΕνοιυΜιΝιΒυεοοΝτιΝΕΝτυιὶ.

421 971 640 992 -Φ--ο

516 1216 546 1270 Α

104 1347 278 1408 Abbatissa
290 1347 449 1408 Ecclesiae
464 1348 496 1407 S.
507 1348 615 1408 Goerii
630 1348 790 1422 laudatur,
806 1348 887 1425 quod
910 1349 1013 1409 decla-

41 1442 205 1503 rationem
226 1441 375 1515 ediderit,
390 1443 424 1501 et
438 1441 561 1501 divinas
583 1440 691 1499 laudes
710 1441 788 1500 licet
807 1440 910 1502 ianuis
928 1443 1013 1502 clau-

41 1538 84 1596 sis
109 1535 159 1595 uti
181 1537 275 1595 antea
297 1553 367 1594 cum
389 1534 453 1596 suis
475 1535 610 1594 alumnis
631 1534 780 1594 celebret.
796 1536 822 1595 I.
838 1536 888 1594 48.

102 1629 274 1688 Abbatissa
288 1628 445 1689 Ecclesiae
460 1629 493 1688 S.
503 1629 594 1688 Patri
609 1627 841 1689 Ramaricensis
862 1629 1012 1690 laudatur

42 1724 80 1781 ob
109 1721 356 1797 protestationes
385 1721 514 1782 emissas
542 1726 654 1781 contra
681 1722 808 1780 decreta
833 1723 1012 1784 Conventus

41 1814 229 1876 nationalis.
245 1817 270 1873 Ι.
287 1816 358 1874 37Ι.
375 1815 445 1875 372.

102 1907 302 1968 Abbatissam
317 1906 500 1968 monasterii
515 1907 618 1984 oppidi
632 1907 804 1968 Aemiliani
825 1911 918 1969 docet
935 1910 1013 1970 Oar-

42 2001 162 2062 dinalis
186 2004 223 2061 de
238 2001 352 2061 Zelada
366 2002 438 2078 quid
453 2002 639 2062 monialibus
654 2002 698 2063 sit
713 2003 877 2080 agendum,
895 2003 922 2063 si
943 2021 1012 2063 mu-

41 2097 192 2174 nicipalis
219 2097 366 2157 Officialis
395 2099 432 2158 ad
461 2116 574 2158 novam
607 2099 807 2159 Abbatissam
835 2100 1011 2177 eligendam

41 2194 187 2254 accedat.
203 2191 280 2252 Ibid.

101 2285 235 2346 Absolri
256 2285 378 2362 quando
399 2288 433 2346 et
453 2287 605 2362 quomodo
626 2287 748 2365 possint
774 2287 827 2364 qui
852 2287 1011 2348 iuramen-

39 2386 112 2442 tum
135 2381 289 2454 civicum,
312 2381 364 2441 vel
389 2381 528 2442 alterum
556 2380 717 2443 libertatis
738 2385 772 2441 et
793 2381 1008 2459 aequalitatis,

39 2477 94 2538 vel
118 2475 215 2535 etiam
238 2479 406 2552 utrumque
420 2476 662 2551 praestiterunt.
680 2478 720 2537 ΙΙ.
737 2477 903 2538 tib-Idem
919 2495 1013 2555 quae·

38 2572 129 2630 ritur
152 2571 190 2628 de
211 2568 335 2629 intruso
356 2571 652 2649 pseudo-Episcopo.
669 2573 709 2632 ΙΙ.
729 2571 799 2633 120.

104 2662 290 2740 Aequalitas
311 2664 344 2722 et
357 2662 489 2723 libertas
510 2664 668 2724 hominum
691 2665 877 2743 improbata.
895 2667 920 2724 Ι.
937 2664 1013 2724 70.-

35 2758 187 2819 Eiusdem
207 2755 378 2816 declaratio
400 2775 418 2818 a
439 2757 602 2817 conventu
624 2758 779 2819 nationali
793 2758 915 2818 Gallico
940 2775 1010 2834 per·

38 2854 126 2913 acta.
144 2851 214 2911 379.

100 2943 277 3004 lileriensis
301 2944 471 3023 Episcopus
497 2940 654 3021 (loannes)
669 2942 820 3002 -Summi
844 2941 1010 3003 Pontificis

35 3043 74 3102 ad
93 3056 166 3100 cum
187 3042 221 3098 et
242 3039 280 3098 ad
302 3042 424 3100 ceteros
438 3038 607 3114 Episcopus
622 3038 766 3098 Corsicae
780 3038 925 3115 Epistola
942 3055 1010 3096 mo·

36 3131 204 3194 nitorialir
215 3132 326 3210 prima.
344 3134 368 3193 1.
386 3131 641 3193 loa-secunda.
655 3132 679 3191 Ι.
695 3131 875 3192 aua-Eius
890 3130 960 3191 lans
975 3133 1009 3190 at
1062 3199 1068 3210 ,

35 3230 221 3288 ceterorum
235 3225 459 3303 Episcoporum
473 3224 628 3286 Corsicae.
642 3225 667 3284 I.
678 3224 750 3285 301.
759 3224 894 3285 ·Iisdem
912 3224 1010 3284 facul-

35 3322 162 3383 tatibus
181 3321 358 3382 instructus
380 3338 450 3380 cum
471 3318 684 3379 confratribus
707 3317 782 3393 suis,
805 3319 916 3396 quibus
935 3316 1010 3395 Epi·

35 3415 125 3493 scopi
141 3415 238 3475 Galli.
255 3417 280 3475 Ι.
297 3415 369 3476 302.
385 3446 401 3460 -
415 3416 455 3474 ΙΙ.
480 3413 531 3473 70.

102 3509 277 3570 Alexandri
300 3510 359 3570 Vll
382 3505 569 3569 formulario
592 3507 699 3568 exules
729 3505 905 3567 sacerdotes
927 3505 1014 3565 Galli

138 3629 197 3680 Vol.
213 3631 258 3681 II.
283 3699 288 3712 ι
886 3631 918 3678 20
