2488 4204
634 255 790 314 .-2-

300 362 406 424 Nihilo
429 365 533 421 tamen
557 361 673 432 minus,
695 379 765 420 cum
787 362 893 419 rectus
917 362 993 419 ordo
1008 362 1209 422 consentien-

241 460 304 516 tem
328 457 435 531 poscat
462 454 600 530 suscepti
628 453 753 513 consilii
781 453 959 522 rationem,
983 455 1131 514 voluntas
1156 462 1209 516 est

241 547 438 609 Sanctissimi
460 547 585 608 Domini
606 547 737 621 Nostri,
762 551 894 625 atquae
919 547 1046 625 singula
1066 548 1206 608 circnm-

241 646 345 720 speote
367 643 488 719 agenda
508 645 601 714 sunt,
624 660 662 702 ea
690 641 722 700 in
745 659 836 701 unam
861 641 1092 718 coniungantur
1113 660 1210 719 gene·

241 737 340 798 ralem
363 753 526 809 normam
550 735 580 794 in
602 752 663 812 qua
683 734 931 812 archiepiscopi,
954 738 988 794 et
1011 735 1149 813 episcopi
1171 736 1207 795 in

241 850 297 892 sua
318 831 431 909 quique
453 829 598 903 dioecesi,
624 830 694 890 dein
720 831 882 907 regulares
897 848 1016 907 quoque
1037 833 1142 891 totum
1157 831 1205 904 id,

241 925 322 1003 quod
344 924 381 984 ad
403 923 556 983 curandos
576 924 616 984 ab
636 923 768 997 iisdem,
792 924 1004 1001 regendosque
1026 941 1123 984 novos
1144 925 1208 982 ho-

241 1017 338 1095 spites
357 1015 509 1093 pertinet,
531 1015 684 1075 haberent
705 1016 908 1092 propositum.

299 1112 378 1172 Eum
393 1109 495 1188 igitur
515 1109 546 1168 in
569 1109 662 1168 finem
676 1109 804 1169 ordinat
816 1109 1039 1170 Sanctissimae
1053 1109 1206 1169 Dominus

240 1204 367 1264 Noster:
389 1262 392 1268 ,

302 1297 331 1357 1.
346 1294 521 1372 Ut-quavis
543 1295 574 1353 in
597 1294 731 1355 dioecesi
752 1300 899 1358 accurata
923 1295 1128 1366 conficiatur,
1153 1298 1205 1354 at·

240 1408 299 1469 que
319 1391 358 1450 ad
380 1390 437 1448 hoo
452 1389 623 1448 Secretarii
645 1392 748 1450 status
768 1391 959 1451 tabularium
981 1388 1130 1449 mittatur
1151 1389 1207 1446 de-

239 1485 370 1563 scriptio
391 1486 528 1545 omnium
543 1484 824 1546 ecclesiasticorum
840 1486 961 1546 Galliae
976 1485 1133 1554 exsulum,
1149 1483 1204 1560 qui

240 1579 273 1639 in
295 1597 332 1639 ea
353 1580 484 1656 degunt,
501 1580 565 1638 tam
584 1579 792 1640 saecularium
813 1597 904 1655 quam
927 1577 1134 1655 regularium,
1149 1594 1207 1636 ex-

239 1691 346 1751 presso
368 1672 564 1750 singulorum
583 1673 711 1751 proprio
727 1672 861 1747 nomine,
878 1672 1069 1749 cognomine,
1085 1670 1203 1748 patria,

240 1769 358 1840 aetate,
381 1764 581 1838 conditione,
604 1766 726 1825 adiecta
746 1783 803 1842 pro
824 1763 1046 1826 ecclesiasticis
1066 1763 1207 1823 saecula-

239 1859 327 1919 ribus
347 1857 504 1932 dioeoesi,
526 1860 565 1918 ad
588 1876 680 1935 quam
701 1857 734 1916 iu
754 1858 868 1918 Galliis
890 1857 1071 1936 pertinent,
1095 1860 1129 1916 et
1150 1856 1203 1916 ubi

240 1953 385 2014 obierant
405 1951 615 2012 ministerium
637 1970 744 2012 suum:
768 1970 825 2029 pro
846 1951 1045 2030 regularibus
1065 1950 1205 2012 indicato

239 2046 403 2120 instituto,
419 2047 497 2123 quod
520 2046 651 2122 professi
674 2051 758 2119 sunt,
782 2046 955 2124 provincia,
972 2044 1023 2106 cui
1042 2048 1135 2106 erant
1148 2047 1204 2105 ad·

238 2140 374 2217 scripti,
397 2158 433 2199 ac
454 2139 603 2217 religiosa
624 2140 713 2199 domo
728 2184 736 2214 ,
752 2142 790 2200 de
811 2141 901 2200 cuius
922 2141 1044 2200 familia
1064 2138 1204 2199 exstite-

237 2239 332 2309 raut3
355 2236 392 2294 de
414 2234 558 2312 utrisque
587 2253 662 2295 vero
691 2235 890 2313 significetur
916 2237 1018 2311 locus,
1040 2239 1204 2298 monaste-

238 2329 335 2401 rium,
358 2332 415 2388 aut
435 2334 622 2402 conventus,
645 2329 676 2387 in
699 2347 758 2406 quo
780 2347 860 2388 nunc
880 2335 1069 2404 versantur,
1092 2348 1206 2390 secun·

238 2423 312 2482 dum
332 2420 464 2482 formam
486 2420 652 2498 encyclicis
674 2421 759 2481 bisce
781 2422 902 2483 litteris
922 2424 1127 2484 adiacentem.
1144 2425 1204 2484 lla-

236 2514 307 2574 dem
321 2512 540 2590 descriptionis
551 2514 710 2575 occasione
721 2513 909 2575 conferenda
926 2520 1001 2574 sunt
1014 2516 1202 2576 documenta

236 2607 395 2684 cuiusque,
418 2610 451 2666 et
470 2607 599 2670 litterae
620 2611 824 2681 commeatus,
845 2609 1025 2685 quibuscum
1047 2609 1084 2668 ad
1109 2609 1203 2668 dioe-

233 2699 342 2773 cesim,
357 2699 390 2758 in
406 2718 466 2776 qua
479 2719 560 2760 nnnc
580 2704 665 2774 sunt,
681 2719 866 2779 pervenere,
882 2702 914 2760 in
928 2701 1117 2764 cancellaria
1131 2704 1200 2780 epi-

237 2795 321 2873 scopi
343 2798 418 2855 sunt
439 2798 656 2858 asservaudae.
770 2801 781 2881 ‘0
930 2874 932 2878 .

295 2891 326 2950 2.
350 2893 393 2951 Ut
413 2908 518 2951 omnes
539 2891 743 2952 ecclesiastici
764 2895 830 2952 tam
851 2893 1026 2953 saeculares
1040 2909 1132 2968 quam
1147 2909 1200 2951 re-

236 2982 374 3059 gulares,
390 2982 444 3060 qui
465 2999 503 3042 ex
519 2983 632 3043 Galliis
653 2984 862 3060 emigrarunt,
881 2985 1002 3061 quando
1024 2983 1200 3061 ingressuri

235 3079 311 3138 sunt
332 3075 541 3136 diversorium
568 3077 628 3137 sibi
653 3076 867 3154 assignatum,
890 3080 947 3137 aut
967 3096 1003 3136 eo
1024 3077 1087 3137 iam
1109 3095 1201 3138 occu·

235 3172 309 3245 pato
323 3175 339 3244 ,'
354 3172 427 3246 post
453 3171 685 3249 promulgatam
713 3172 792 3232 hano
814 3170 1003 3248 encyclicam
1032 3169 1199 3246 epistolam

236 3266 405 3324 teneantur
427 3264 517 3324 edere
539 3269 721 3324 consuetum
751 3264 959 3324 iuramentum
988 3281 1057 3323 oum
1084 3262 1199 3339 profes·

236 3354 324 3415 sione
345 3355 418 3414 fidei
439 3357 532 3416 aPio
553 3358 597 3416 lV
612 3357 815 3434 praescripta,
831 3375 867 3417 ac
892 3361 1058 3431 praeterea
1078 3357 1196 3428 iurare,

235 3465 405 3525 manusque
427 3467 500 3508 suae
522 3449 751 3526 subscriptione
772 3449 958 3510 confirmare
979 3448 1197 3508 formularium

234 3531 409 3625 alexandri
425 3542 482 3603 VII
496 3542 556 3602 huc
578 3542 804 3620 transcriptum
822 3542 1053 3604 commoditatis
1078 3541 1193 3620 gratia:
1240 3604 1241 3635 1
