2426 4192
420 213 598 274 -203-

462 397 543 454 lix.

321 531 452 576 umuoro
473 533 555 576 runo
575 533 694 578 uosrao

61 690 254 754 DOMINIGO
276 693 308 753 S.
324 696 364 754 R.
380 696 417 754 E.
433 693 708 756 PRESBY'I'ERO
727 695 952 757 GARDINALI

344 787 659 848 RUPEEUOALDIO

225 970 474 1050 archiepiscopo
494 973 745 1052 Rottomapcasi

237 1134 408 1214 PIUS
458 1133 650 1212 PAPA
699 1137 766 1215 VI.

81 1346 216 1404 Dilecto
229 1347 300 1405 Pili
312 1349 461 1418 Noster,
475 1348 628 1408 Salutem
642 1353 677 1407 et
690 1349 927 1420 apostolicam

352 1442 646 1501 Benedictionem.

79 1617 178 1674 Recte
199 1617 233 1674 et
252 1633 291 1674 ex
312 1615 443 1688 ordine,
473 1617 593 1678 Dilecte
614 1617 678 1678 1111
698 1619 832 1692 Noster,
854 1617 979 1692 fecisti,

29 1724 88 1766 cum
118 1707 264 1768 defuncto
292 1708 441 1785 Episcopo
471 1711 704 1770 constantiensi
732 1711 887 1772 Ecclesiae
910 1713 981 1770 tuae

29 1801 281 1878 Rothomagensis
296 1803 499 1880 Suffragaueo
515 1803 602 1863 illius
613 1801 770 1863 Ecclesiae
782 1804 982 1864 administra·

29 1895 137 1954 tionem
160 1895 336 1972 suscepisti,
359 1898 392 1955 81
412 1895 555 1956 Vicarios
576 1896 745 1956 Generales
766 1897 841 1955 duos
862 1897 979 1956 consti-

29 1990 124 2062 tuisti,
147 1990 174 2048 si
195 1990 239 2060 id,
263 1993 299 2049 ut
319 2009 338 2050 a
358 1989 614 2066 Metropolitanis
629 1989 721 2048 fieret
735 1989 976 2050 constitutuma

28 2085 115 2144 Nobis
136 2083 199 2144 fuit
220 2102 276 2160 per
297 2083 444 2156 litteras,
466 2101 542 2162 quas
563 2084 655 2144 affers
684 2085 773 2145 datas
792 2083 842 2142 die
863 2085 903 2144 26
925 2085 979 2144 Se·

28 2178 170 2250 ptembris
191 2194 271 2236 anno
294 2178 381 2238 1791.
406 2178 546 2237 Tametsi
560 2178 642 2236 enim
659 2196 713 2237 nec
728 2178 910 2238 litterarum
925 2195 978 2236 ea-

28 2288 89 2330 rum
107 2271 311 2348 exemplario
324 2275 415 2332 tanta
426 2289 532 2331 rernm
545 2273 782 2349 perturbatione
797 2273 976 2344 habeamus,

27 2386 75 2427 nec
95 2387 147 2429 eas
166 2370 232 2430 Nos
254 2368 373 2428 dedisse
396 2371 607 2442 recordemur,
631 2371 711 2429 haud
735 2372 839 2429 tamen
855 2368 978 2429 dubita·

26 2478 97 2534 mus,
120 2463 194 2540 quin
217 2480 253 2521 eu
273 2466 412 2538 potestas
433 2482 452 2523 8
472 2463 568 2524 Nobis
583 2480 639 2539 per
651 2482 703 2523 eas
718 2463 845 2524 litteras
860 2464 977 2522 Metro-

27 2556 169 2631 politanis
191 2557 276 2616 facta
296 2555 358 2630 sit,
380 2573 450 2615 cum
472 2559 506 2615 tu
529 2575 596 2617 eam
619 2575 637 2616 8
656 2557 755 2621 Nobis
776 2558 891 2618 iactam
913 2575 979 2616 esse

26 2649 157 2709 testeris.
182 2649 216 2708 Si
239 2649 323 2708 enim
344 2648 429 2708 18818
451 2667 511 2707 non
532 2649 655 2724 fuisset,
678 2653 785 2710 tunca
800 2653 832 2709 18
848 2669 907 2710 nou
922 2668 979 2726 ge-

27 2742 134 2802 neralis
155 2742 209 2801 sod
231 2741 419 2817 capitularis
441 2742 586 2802 Vicarius
606 2743 769 2820 eligendus
795 2742 917 2802 fuisset.

80 2835 367 2911 Quomodocumque
390 2839 495 2895 antem
518 2853 567 2894 res
589 2855 622 2896 se
642 2837 778 2908 habeat,
801 2837 827 2895 si
849 2836 976 2894 dubium

28 2926 135 3004 aliquid
158 2931 259 3001 extet,
284 2946 355 2988 num
378 2945 454 2988 vero
476 2926 604 2989 litterae
617 2931 752 2990 Nostrae
767 2946 834 2989 eam
849 2927 907 2986 tibi
926 2944 978 3002 po·

26 3023 166 3080 testatam
189 3019 318 3094 iaciant,
342 3021 378 3080 ad
404 3038 525 3080 omnem
547 3021 791 3082 controversiam
808 3019 979 3079 tollendam

25 3111 84 3172 Nos
99 3132 165 3174 eam
179 3131 259 3173 nuno
271 3109 403 3174 facimus
418 3114 489 3187 tibi,
506 3118 599 3194 atque
614 3116 717 3174 omnia
731 3118 802 3174 rata
816 3114 977 3186 habemus,

26 3223 98 3280 quae
117 3226 136 3267 8
156 3214 190 3266 18
204 3207 288 3268 18818
303 3211 388 3266 sunt:
401 3209 590 3285 praesertim
605 3226 674 3267 cum
689 3207 768 3267 illud
787 3209 907 3266 certum
924 3204 977 3278 sit,

25 3299 187 3362 Ganonicoa
202 3300 323 3361 iuratos
344 3319 414 3366 uum
435 3300 547 3378 quibus
568 3302 794 3362 communicare
816 3302 848 3360 in
863 3299 979 3360 divinis

26 3394 179 3467 nonlicet,
196 3394 280 3454 omni
296 3397 454 3471 potestate
466 3413 574 3455 carere
585 3394 800 3472 capitularem
811 3393 972 3456 Vicarium

26 3484 167 3562 eligendi.
344 3488 346 3500 ⁴
