2426 4192
43 339 88 379 non
112 327 252 398 careant,
274 343 352 402 qnae
374 324 406 386 in
428 343 481 385 eos
500 343 520 386 a
540 325 638 388 Nobis
660 341 788 386 manare
810 325 925 399 debet,
945 327 980 384 ot

42 413 93 474 sine
112 433 166 492 que
186 418 334 496 gregibus
357 418 421 480 suis
443 419 543 480 tantis
564 419 596 480 in
619 419 771 497 periculis
786 419 874 482 nullo
889 419 980 480 modo

40 513 148 582 possunt
160 511 338 586 subvenire,
355 530 411 576 vos
426 515 506 574 Ven.
523 515 666 588 Fratres,
678 513 731 592 qui
746 513 858 578 Nuntii
869 512 980 576 Nostri

39 603 102 677 apud
115 602 273 682 Principes
287 607 376 680 estis,
392 609 425 668 et
440 609 477 668 cd
494 625 531 668 ea
545 607 739 685 expedienda
750 625 829 684 qnae
849 605 980 669 aNobis

39 696 190 760 constituis
210 704 286 760 sunt
305 701 473 779 Delegatos
494 700 690 778 Apostolicos
711 717 767 777 per
781 700 838 762 hss
851 699 979 760 litteras

38 789 148 853 Nostros
169 811 321 868 creamus,
337 795 378 854 iis
393 794 535 858 omnibns
549 795 755 858 facultatibus
770 812 847 872 quas
861 794 892 852 iu
909 794 980 853 sub·

38 882 101 944 iectn
120 888 261 966 catalogo
283 887 460 965 adscriptas
480 888 595 967 legetis
610 888 657 948 ita
671 888 808 948 munitos
822 888 977 960 volumus,

40 979 67 1035 ut
83 997 136 1038 non
158 982 256 1040 solum
278 981 317 1042 iis
341 981 388 1042 uli
409 1000 465 1042 vos
486 981 559 1059 ipsi,
581 999 692 1042 verum
713 981 810 1042 etiam
831 985 926 1058 prout
945 980 977 1038 in

39 1071 147 1132 llominc
168 1075 257 1136 vobis
278 1073 425 1151 expedire
448 1075 619 1149 videbitur,
641 1076 758 1136 Nostro
774 1075 897 1136 nomine
910 1073 979 1134 sivo

38 1179 135 1238 omnes,
150 1167 217 1227 sivo
230 1167 368 1245 aliquam
384 1169 521 1246 ipsarum
536 1173 659 1246 partem
674 1168 799 1245 possitis
819 1168 977 1245 Episcopis

38 1260 195 1330 petentibus
216 1261 360 1340 elargiri.

80 1350 212 1429 lllndqne
239 1371 418 1431 speramus,
448 1373 517 1416 cum
541 1360 606 1418 tam
629 1359 794 1433 perspecta
815 1357 858 1416 sit
879 1355 976 1416 Nobis

36 1441 106 1515 idas,
126 1446 236 1521 piatas,
260 1446 404 1508 doctrina
419 1449 485 1507 tum
501 1452 690 1509 vestratum
706 1451 885 1510 ceterorum
905 1449 978 1526 Epi·

35 1549 186 1612 troporum,
208 1543 335 1617 temque
356 1541 558 1619 exploratum
579 1545 811 1604 conservandae
832 1543 978 1604 ecelesia·

34 1627 111 1688 stione
125 1631 308 1709 disciplinae
324 1635 475 1708 studium,
490 1655 545 1696 vos
560 1655 621 1696 non
637 1637 828 1714 improvidos
843 1635 977 1714 dissipa-

34 1722 113 1797 tores,
131 1726 181 1786 sed
194 1728 347 1786 cantoset
365 1728 528 1806 religiosos
543 1730 765 1791 distributores
787 1729 975 1790 facultatum

32 1818 253 1889 apostolicarum
276 1821 362 1896 sore;
379 1822 427 1885 ita
438 1827 474 1883 ut
488 1840 654 1900 numquam
670 1841 721 1883 eas
735 1822 974 1900 impertiamini,

34 1908 79 1968 nisi
103 1931 168 1973 cum
197 1915 338 1977 rationes
363 1919 396 1976 et
424 1935 534 1978 causae
561 1917 683 1979 suerint
714 1917 909 1991 huiusmodi,
939 1921 976 1977 ut

34 2005 137 2066 omnino
150 2027 204 2068 eae
219 2009 284 2069 sint
299 2007 536 2087 impertiendas,
552 2009 631 2070 illud
648 2028 769 2088 semper
784 2012 857 2072 ante
871 2012 975 2072 oculos

33 2095 171 2176 habentes,
193 2107 351 2164 momenta
372 2103 528 2164 rationum
545 2108 578 2164 et
592 2105 784 2181 gravitatem
810 2122 974 2166 cansarum

31 2189 213 2257 fundamenta
233 2215 310 2268 esse,
334 2197 445 2274 quibus
460 2198 556 2260 inniti
572 2198 769 2275 potissimum
784 2197 974 2276 apostolicae

32 2289 221 2350 concessiones
243 2291 367 2350 debent.

75 2380 173 2442 Nolite
194 2383 309 2461 igitur,
333 2384 412 2443 Vcn.
435 2385 578 2458 Fratres,
598 2405 676 2463 qnos
697 2387 729 2446 in
752 2404 898 2449 curarum
913 2389 975 2448 No·

29 2471 146 2535 strarum
161 2482 284 2553 partem
308 2480 449 2552 vocatos,
466 2479 638 2558 delegimus
660 2486 877 2558 cooperatores
891 2483 974 2559 Apo·

31 2565 145 2629 stolatus
157 2571 285 2644 Nostri,
301 2569 332 2628 in
349 2573 493 2633 navande
507 2591 602 2650 opera
616 2574 773 2635 Ecclesiae
789 2575 971 2652 defatigari:

32 2672 77 2716 non
87 2663 163 2722 cuim
176 2664 276 2724 solum
289 2675 401 2742 magna
416 2664 628 2725 sollicitudine
642 2667 810 2745 Episcopos
825 2667 973 2728 liberabi·

30 2749 106 2815 iis...
120 2755 163 2838 (l)
174 2776 350 2818 moerorem
362 2761 523 2820 Nostrum.
533 2760 621 2822 Nihil
636 2761 717 2821 cnim
736 2765 901 2840 tantopere
920 2780 974 2822 vn·

30 2837 105 2908 leted
123 2851 324 2912 consolandos
335 2851 412 2925 Nos,
426 2869 517 2928 qnam
533 2853 642 2913 videre
657 2854 753 2915 etiam
769 2855 800 2914 in
817 2857 874 2915 hac
889 2855 974 2915 labo·

29 2933 179 3004 riosissima
191 2945 279 3006 vitae
292 2944 481 3018 conditione,
491 2945 521 3004 in
535 2963 626 3024 quam
634 2949 697 3006 Deo
710 2947 755 3006 sic
766 2947 972 3024 permittente

28 3035 128 3099 redacti
143 3059 260 3112 snmus,
278 3042 383 3119 aliqua
398 3043 521 3104 ratione
536 3044 694 3105 Ecclesiae
710 3047 857 3121 prodesse
871 3061 969 3120 posse.

74 3131 225 3211 Rogamus
247 3136 372 3195 interea
393 3139 429 3199 D.
453 3139 493 3199 N.
517 3140 618 3200 lesum
640 3138 816 3211 Christum,
834 3140 869 3198 nt
891 3138 971 3215 quod

28 3233 70 3292 llll
93 3227 300 3290 ministerium
322 3233 466 3290 vestrum
493 3232 597 3292 facere
618 3231 857 3306 constituimus,
886 3231 917 3291 id
939 3231 971 3291 in

26 3309 164 3383 Ecclesiae
184 3324 298 3384 bonnm
319 3328 353 3384 et
373 3324 405 3383 in
432 3325 607 3386 animarum
637 3325 812 3387 utilitatem
842 3329 968 3388 vertute

74 3449 105 3504 (1)
123 3453 162 3500 lta
175 3455 203 3500 lu
217 3454 338 3513 exemplo,
352 3454 419 3514 qnod
429 3467 490 3514 pros
506 3456 588 3504 ccnlls
604 3457 651 3504 est.
664 3458 763 3506 Desunt
783 3459 868 3519 nllqua
880 3458 968 3514 verba,

27 3514 117 3574 Nissen
130 3529 208 3578 haec:
225 3543 315 3577 oerum
331 3529 410 3578 ctiam
427 3527 556 3579 levabitis.
