2430 4202
36 348 102 410 xima
119 352 226 428 prodit.
249 355 327 414 mooe
348 356 455 415 autem
475 355 608 416 affertur
634 355 829 416 venerandus
849 353 963 416 Senex:

35 442 75 517 qni
92 447 196 518 motus,
210 446 398 523 quterram,
412 465 491 524 quaa
512 449 650 525 gestiens
668 447 816 508 hilaritas
836 449 870 508 et
883 447 967 508 mix*

35 538 74 596 tm
90 539 238 600 hilaritati
259 544 394 600 moerori
411 541 529 618 Optare
548 541 678 618 quisque
692 544 817 618 raptum
837 557 857 600 a
876 555 967 616 pree·

31 630 140 694 donibus
159 633 317 711 imponere
337 634 496 706 humeris,
518 633 642 711 alioque
670 633 782 694 melina
809 631 965 709 abripere:

33 721 72 781 hio
90 726 191 787 dubins
211 747 250 788 an
270 726 405 799 insiliat,
420 729 540 788 vestem
562 727 685 788 interea
705 726 812 804 ponit;
833 725 890 786 ille
910 741 968 786 ve-

33 819 242 896 rumpentem
264 820 339 882 Seni
366 838 422 898 pro
443 820 559 880 itinere
579 820 713 890 sternit,
736 837 822 880 snam
844 817 966 890 adiioit;

32 907 107 970 hioin
118 929 216 988 genua
227 912 414 989 prooumbit3
430 912 486 973 ille
496 911 570 989 qnia
587 912 676 986 vidit,
693 931 725 973 se
736 914 861 974 beatum
878 928 968 988 prae·

32 1002 108 1078 dioet3
127 1006 177 1065 hie
196 1005 297 1083 siquid
318 1024 335 1065 e
356 1023 452 1066 onrru
472 1005 596 1067 deeidat
616 1007 694 1084 qnod
716 1024 824 1068 aarum
844 1023 880 1067 ao
897 1021 969 1066 san-

32 1099 98 1156 otum
117 1105 233 1174 servet,
249 1100 412 1178 prospieit;
427 1099 483 1160 ille
497 1100 524 1159 si
546 1119 652 1160 vooem
666 1101 775 1162 audire
794 1100 901 1174 licoat,
917 1117 968 1160 oa·

32 1193 86 1264 ptat
103 1194 238 1254 auribus:
255 1193 423 1267 renuenti,
440 1211 500 1252 non
515 1211 618 1272 aures,
636 1211 696 1253 non
718 1211 786 1267 ora,
803 1210 863 1253 non
878 1197 967 1253 artus

32 1284 142 1362 denique
162 1288 300 1348 omnium
320 1285 381 1346 sibi
402 1286 468 1346 ullo
489 1288 578 1346 modo
599 1290 791 1364 temperant,
811 1285 885 1363 quin
907 1284 968 1346 ali-

31 1376 89 1451 quid
108 1378 138 1438 in
153 1377 409 1440 Senem-honoris
423 1396 516 1439 eausa
536 1378 712 1451 eonferant,
726 1381 783 1440 aut
802 1380 841 1441 ab
858 1395 896 1438 eo
909 1394 968 1455 pro

31 1469 123 1530 solatio
133 1472 165 1532 in
180 1476 337 1549 posterum
350 1471 503 1532 relerent.
515 1473 550 1531 In
565 1473 623 1532 hae
636 1471 833 1532 consensione
844 1490 879 1533 ao
891 1489 968 1548 qua-

29 1561 50 1622 si
66 1567 302 1628 tumultuatione
319 1566 475 1639 laetitiae,
490 1583 569 1643 qnae
590 1567 722 1628 feminae
738 1567 822 1628 riam
843 1565 969 1644 ingredi

30 1663 128 1733 pudore
148 1663 351 1738 vetabantur,
371 1664 525 1726 fenestras
546 1681 708 1740 oeonpare,
727 1664 837 1724 aulaea
858 1661 970 1723 demit

30 1754 84 1819 tora
101 1777 134 1818 ao
149 1761 296 1836 pandere,
312 1757 416 1819 fausta
436 1757 640 1829 emisseni,
655 1756 726 1830 sibi,
741 1774 839 1834 ragno
860 1774 969 1834 prooa·

30 1849 60 1910 ri:
73 1872 104 1914 ao
124 1856 224 1916 solers
244 1852 342 1928 pudor
370 1849 530 1926 virginum
555 1850 693 1910 sentiens
717 1850 745 1910 si
767 1850 915 1928 procedat
935 1849 968 1908 in

29 1943 108 2020 viam,
123 1947 208 2008 tueri
222 1961 289 2005 sese
302 1941 419 2019 optime
441 1958 570 2001 numero
584 1959 684 2018 posse;
700 1942 887 2020 quingentas
901 1942 971 2001 iuu-

30 2038 75 2112 git‚
92 2058 167 2117 qnae
187 2039 261 2100 albu
280 2038 404 2112 sumpta
426 2040 514 2096 veste
543 2036 667 2096 obviam
689 2037 763 2096 Seni
786 2038 967 2114 properant,

30 2135 309 2208 venerabundaeqne
330 2134 477 2192 sternunt
492 2130 556 2190 iter
576 2130 717 2204 floribus,
733 2133 766 2191 et
785 2127 970 2190 intertextis

29 2227 107 2287 sertis
125 2243 271 2290 eoronam
292 2226 364 2283 ante
386 2227 644 2297 commonstrant,
667 2241 758 2300 quam
780 2223 868 2284 brevi
892 2221 971 2282 laeti

27 2315 144 2380 delius
165 2336 256 2380 saoro
277 2316 439 2392 imponent
459 2315 573 2393 Capiti.
588 2319 672 2378 Haeo
692 2317 767 2376 dnm
788 2317 880 2390 liunt,
897 2317 968 2376 dum

27 2412 117 2488 stupet
137 2415 250 2490 raptor
270 2409 371 2479 miles,
388 2426 482 2486 aegre
503 2409 681 2472 Valentiam
700 2415 886 2487 peruentum
908 2412 968 2472 eat.

26 2502 87 2564 lodo
106 2513 200 2567 aneto
220 2505 253 2563 in
275 2503 340 2560 dias
361 2503 413 2562 vel
431 2502 498 2579 ipsa
517 2503 630 2564 inermi
651 2508 684 2564 et
699 2509 788 2566 muta
808 2503 970 2565 Pontifiois

26 2601 191 2671 praesentia
212 2596 244 2656 iu
260 2594 455 2672 Religionem
476 2597 594 2671 studi03
616 2598 758 2658 sentiunt
779 2615 848 2658 sero
868 2599 970 2658 Inore·

26 2688 91 2766 doli,
106 2695 176 2770 plus
191 2694 253 2753 sibi
267 2709 333 2754 esse
349 2693 388 2752 ab
402 2708 463 2750 uno
478 2691 630 2751 semivivo
651 2691 742 2763 Sena,
758 2708 848 2767 quam
864 2707 883 2750 a
896 2707 971 2750 eon-

25 2781 125 2848 iunetis
146 2792 288 2866 Europae
303 2793 335 2848 et
357 2788 449 2848 Asiae
465 2785 587 2845 viribus
607 2786 817 2846 metuendum.
834 2785 898 2844 Nee
913 2784 972 2841 du·

25 2874 98 2939 bium
117 2883 192 2959 quin
215 2898 310 2941 verus
330 2885 413 2942 esset
432 2880 559 2941 futurus
580 2881 691 2949 metus,
712 2877 838 2954 ipsoque
859 2889 970 2950 magno

24 2973 104 3049 uque
126 2974 291 3053 praeclare
321 2977 355 3033 et
377 2977 540 3050 peroptato
567 2971 661 3032 Genti
684 2972 798 3030 eventu
827 2983 972 3042 eompre-

24 3061 143 3142 bandus;
159 3068 186 3128 si
207 3068 329 3144 quidem
350 3067 451 3128 iratus
472 3068 552 3128 De'ns
572 3067 647 3124 tuno
667 3080 734 3122 esse
756 3061 908 3121 malornm
929 3059 972 3118 fi-

24 3173 83 3218 nem
103 3165 287 3238 pateretur,
309 3177 345 3220 ae
366 3161 491 3220 beatum
512 3160 623 3219 Senem
639 3154 811 3218 xLutetiam
838 3150 974 3214 Parisio-

24 3265 85 3311 rum
106 3254 279 3314 attulisset.
297 3255 416 3314 Verum
429 3252 513 3312 dulei
533 3251 565 3310 iu
581 3267 670 3312 suum
684 3248 869 3309 Pontifleem
890 3262 974 3305 oom-

23 3345 217 3408 miseratione
244 3351 426 3424 permotus,
452 3365 489 3407 ao
516 3345 583 3406 iere
604 3345 684 3417 iam,
706 3341 734 3402 si
761 3343 867 3419 posset
892 3355 973 3413 ease,

23 3437 129 3514 tristls3
146 3441 239 3517 longo
253 3443 323 3516 post
337 3438 494 3518 martyrio
508 3439 546 3498 ad
560 3451 707 3496 eoronam
723 3436 826 3494 voeat:
845 3433 972 3511 ipsaque

22 3545 111 3608 mors,
131 3534 220 3611 quasi
240 3533 411 3612 dedignata
437 3549 539 3592 moras
566 3529 641 3592 Seni
663 3532 804 3607 nectere,
826 3527 974 3600 eontenta
