<?xml version="1.0" encoding="UTF-8"?>
<!DOCTYPE html PUBLIC "-//W3C//DTD XHTML 1.0 Transitional//EN"
    "http://www.w3.org/TR/xhtml1/DTD/xhtml1-transitional.dtd">
<html xmlns="http://www.w3.org/1999/xhtml" xml:lang="en" lang="en">
 <head>
  <title>
</title>
<meta http-equiv="Content-Type" content="text/html;charset=utf-8" />
  <meta name='ocr-system' content='tesseract 3.04.00' />
  <meta name='ocr-capabilities' content='ocr_page ocr_carea ocr_par ocr_line ocrx_word'/>
</head>
<body>
  <div class='ocr_page' id='page_1' title='image "./piivipontmaxact01piusgoog_0107.png"; bbox 0 0 2424 4196; ppageno 0'>
   <div class='ocr_carea' id='block_1_1' title="bbox 421 233 579 293">
    <p class='ocr_par' dir='ltr' id='par_1_1' title="bbox 421 233 579 293">
     <span class='ocr_line' id='line_1_1' title="bbox 421 233 579 293; baseline 0 -15"><span class='ocrx_word' id='word_1_1' title='bbox 421 233 579 293; x_wconf 79' lang='grc'>..99-</span> 
     </span>
    </p>
   </div>
   <div class='ocr_carea' id='block_1_2' title="bbox 330 401 665 566">
    <p class='ocr_par' dir='ltr' id='par_1_2' title="bbox 330 401 665 566">
     <span class='ocr_line' id='line_1_2' title="bbox 425 401 573 458; baseline 0.007 -2"><span class='ocrx_word' id='word_1_2' title='bbox 425 401 573 458; x_wconf 73' lang='lat' dir='ltr'><strong>xxix.</strong></span> 
     </span>
     <span class='ocr_line' id='line_1_3' title="bbox 330 517 665 566; baseline 0.012 -4"><span class='ocrx_word' id='word_1_3' title='bbox 330 517 523 566; x_wconf 79' lang='lat' dir='ltr'><strong>vaunnaarni</strong></span> <span class='ocrx_word' id='word_1_4' title='bbox 544 522 665 566; x_wconf 71' lang='lat' dir='ltr'><strong>suarm</strong></span> 
     </span>
    </p>
   </div>
   <div class='ocr_carea' id='block_1_3' title="bbox 253 667 756 892">
    <p class='ocr_par' dir='ltr' id='par_1_3' title="bbox 253 667 756 892">
     <span class='ocr_line' id='line_1_4' title="bbox 260 667 748 731; baseline 0.006 -6"><span class='ocrx_word' id='word_1_5' title='bbox 260 667 440 728; x_wconf 81' lang='lat' dir='ltr'>PETRO</span> <span class='ocrx_word' id='word_1_6' title='bbox 471 670 748 731; x_wconf 83' lang='lat' dir='ltr'>LUDOVIGO</span> 
     </span>
     <span class='ocr_line' id='line_1_5' title="bbox 253 813 756 892; baseline 0.008 -20"><span class='ocrx_word' id='word_1_7' title='bbox 253 813 504 892; x_wconf 71' lang='lat' dir='ltr'><strong>archiepiscopo</strong></span> <span class='ocrx_word' id='word_1_8' title='bbox 526 817 756 878; x_wconf 77' lang='lat' dir='ltr'><strong>Ebrodaneasi</strong></span> 
     </span>
    </p>
   </div>
   <div class='ocr_carea' id='block_1_4' title="bbox 195 997 808 1080">
    <p class='ocr_par' dir='ltr' id='par_1_4' title="bbox 195 997 808 1080">
     <span class='ocr_line' id='line_1_6' title="bbox 195 997 808 1080; baseline 0.007 -6"><span class='ocrx_word' id='word_1_9' title='bbox 195 997 397 1079; x_wconf 85' lang='lat' dir='ltr'>PIUS</span> <span class='ocrx_word' id='word_1_10' title='bbox 460 1000 680 1076; x_wconf 93' lang='grc' dir='ltr'><strong>ΡΑΡΑ</strong></span> <span class='ocrx_word' id='word_1_11' title='bbox 740 1002 808 1080; x_wconf 88' lang='lat' dir='ltr'><strong>VI.</strong></span> 
     </span>
    </p>
   </div>
   <div class='ocr_carea' id='block_1_5' title="bbox 129 1186 868 1342">
    <p class='ocr_par' dir='ltr' id='par_1_5' title="bbox 129 1186 868 1342">
     <span class='ocr_line' id='line_1_7' title="bbox 129 1186 868 1259; baseline 0.008 -15"><span class='ocrx_word' id='word_1_12' title='bbox 129 1188 220 1244; x_wconf 86' lang='lat' dir='ltr'><strong>Ven.</strong></span> <span class='ocrx_word' id='word_1_13' title='bbox 244 1186 378 1258; x_wconf 70' lang='lat' dir='ltr'><strong>arator,</strong></span> <span class='ocrx_word' id='word_1_14' title='bbox 400 1189 552 1247; x_wconf 76' lang='lat' dir='ltr'><strong>Salutem</strong></span> <span class='ocrx_word' id='word_1_15' title='bbox 574 1192 611 1246; x_wconf 86' lang='lat' dir='ltr'><strong>et</strong></span> <span class='ocrx_word' id='word_1_16' title='bbox 630 1191 868 1259; x_wconf 75' lang='lat' dir='ltr'><strong>apostolicam</strong></span> 
     </span>
     <span class='ocr_line' id='line_1_8' title="bbox 354 1283 652 1342; baseline 0.003 -1"><span class='ocrx_word' id='word_1_17' title='bbox 354 1283 652 1342; x_wconf 79' lang='lat' dir='ltr'><strong>Benedictionem.</strong></span> 
     </span>
    </p>
   </div>
   <div class='ocr_carea' id='block_1_6' title="bbox 24 1413 990 1530">
    <p class='ocr_par' dir='ltr' id='par_1_6' title="bbox 24 1413 990 1530">
     <span class='ocr_line' id='line_1_9' title="bbox 24 1413 990 1530; baseline 0.005 -19"><span class='ocrx_word' id='word_1_18' title='bbox 24 1413 26 1418; x_wconf 23' lang='grc' dir='ltr'>Ι</span> <span class='ocrx_word' id='word_1_19' title='bbox 74 1452 264 1530; x_wconf 80' lang='lat' dir='ltr'><strong>Accepimus</strong></span> <span class='ocrx_word' id='word_1_20' title='bbox 278 1455 506 1514; x_wconf 79' lang='lat' dir='ltr'><strong>Fraternitatis</strong></span> <span class='ocrx_word' id='word_1_21' title='bbox 520 1458 594 1514; x_wconf 89' lang='lat' dir='ltr'><strong>tuae</strong></span> <span class='ocrx_word' id='word_1_22' title='bbox 607 1455 736 1516; x_wconf 81' lang='lat' dir='ltr'><strong>litteras</strong></span> <span class='ocrx_word' id='word_1_23' title='bbox 751 1456 812 1516; x_wconf 90' lang='lat' dir='ltr'><strong>diei</strong></span> <span class='ocrx_word' id='word_1_24' title='bbox 826 1457 865 1517; x_wconf 88' lang='lat'><strong>10</strong></span> <span class='ocrx_word' id='word_1_25' title='bbox 876 1458 990 1517; x_wconf 90' lang='lat' dir='ltr'><strong>Martii</strong></span> 
     </span>
    </p>
   </div>
   <div class='ocr_carea' id='block_1_7' title="bbox 22 1547 1039 3402">
    <p class='ocr_par' dir='ltr' id='par_1_7' title="bbox 22 1547 1039 3402">
     <span class='ocr_line' id='line_1_10' title="bbox 23 1547 992 1628; baseline 0.008 -24"><span class='ocrx_word' id='word_1_26' title='bbox 23 1547 109 1606; x_wconf 90' lang='lat' dir='ltr'><strong>huius</strong></span> <span class='ocrx_word' id='word_1_27' title='bbox 131 1548 207 1606; x_wconf 86' lang='lat' dir='ltr'><strong>anni</strong></span> <span class='ocrx_word' id='word_1_28' title='bbox 229 1548 337 1624; x_wconf 91' lang='lat' dir='ltr'><strong>plenas</strong></span> <span class='ocrx_word' id='word_1_29' title='bbox 352 1549 576 1610; x_wconf 78' lang='lat' dir='ltr'>observantiae</span> <span class='ocrx_word' id='word_1_30' title='bbox 591 1568 627 1610; x_wconf 90' lang='lat' dir='ltr'><strong>ac</strong></span> <span class='ocrx_word' id='word_1_31' title='bbox 642 1551 818 1612; x_wconf 86' lang='lat' dir='ltr'><strong>devotionis</strong></span> <span class='ocrx_word' id='word_1_32' title='bbox 832 1569 909 1628; x_wconf 88' lang='lat' dir='ltr'><strong>arga</strong></span> <span class='ocrx_word' id='word_1_33' title='bbox 921 1553 951 1614; x_wconf 93' lang='lat' dir='ltr'>N</span> <span class='ocrx_word' id='word_1_34' title='bbox 955 1570 992 1612; x_wconf 86' lang='lat' dir='ltr'><strong>os</strong></span> 
     </span>
     <span class='ocr_line' id='line_1_11' title="bbox 22 1641 991 1720; baseline 0.008 -22"><span class='ocrx_word' id='word_1_35' title='bbox 22 1642 100 1715; x_wconf 87' lang='lat' dir='ltr'><strong>tuae,</strong></span> <span class='ocrx_word' id='word_1_36' title='bbox 124 1641 238 1717; x_wconf 90' lang='lat' dir='ltr'><strong>quibus</strong></span> <span class='ocrx_word' id='word_1_37' title='bbox 259 1642 425 1718; x_wconf 79' lang='lat' dir='ltr'><strong>alligatam</strong></span> <span class='ocrx_word' id='word_1_38' title='bbox 447 1643 562 1704; x_wconf 90' lang='lat' dir='ltr'><strong>misisti</strong></span> <span class='ocrx_word' id='word_1_39' title='bbox 584 1645 779 1720; x_wconf 91' lang='lat' dir='ltr'><strong>pastoralem</strong></span> <span class='ocrx_word' id='word_1_40' title='bbox 799 1645 991 1706; x_wconf 89' lang='lat' dir='ltr'><strong>Instructio-</strong></span> 
     </span>
     <span class='ocr_line' id='line_1_12' title="bbox 24 1736 992 1814; baseline 0.009 -24"><span class='ocrx_word' id='word_1_41' title='bbox 24 1751 99 1807; x_wconf 89' lang='lat' dir='ltr'><strong>nem,</strong></span> <span class='ocrx_word' id='word_1_42' title='bbox 125 1737 162 1794; x_wconf 93' lang='lat' dir='ltr'><strong>de</strong></span> <span class='ocrx_word' id='word_1_43' title='bbox 185 1754 247 1811; x_wconf 92' lang='lat' dir='ltr'><strong>qua</strong></span> <span class='ocrx_word' id='word_1_44' title='bbox 266 1738 416 1796; x_wconf 80' lang='lat' dir='ltr'><strong>Nostram</strong></span> <span class='ocrx_word' id='word_1_45' title='bbox 439 1736 561 1812; x_wconf 82' lang='lat' dir='ltr'><strong>rogasti</strong></span> <span class='ocrx_word' id='word_1_46' title='bbox 582 1737 793 1811; x_wconf 83' lang='lat' dir='ltr'><strong>sententiam,</strong></span> <span class='ocrx_word' id='word_1_47' title='bbox 816 1742 992 1814; x_wconf 86' lang='lat' dir='ltr'><strong>antequam</strong></span> 
     </span>
     <span class='ocr_line' id='line_1_13' title="bbox 26 1827 991 1907; baseline 0.006 -23"><span class='ocrx_word' id='word_1_48' title='bbox 26 1843 87 1885; x_wconf 86' lang='lat' dir='ltr'><strong>eam</strong></span> <span class='ocrx_word' id='word_1_49' title='bbox 109 1827 237 1903; x_wconf 88' lang='lat' dir='ltr'><strong>publica</strong></span> <span class='ocrx_word' id='word_1_50' title='bbox 258 1827 328 1888; x_wconf 90' lang='lat' dir='ltr'><strong>lnce</strong></span> <span class='ocrx_word' id='word_1_51' title='bbox 350 1829 493 1889; x_wconf 89' lang='lat' dir='ltr'><strong>donares.</strong></span> <span class='ocrx_word' id='word_1_52' title='bbox 516 1830 617 1890; x_wconf 90' lang='lat' dir='ltr'><strong>Huius</strong></span> <span class='ocrx_word' id='word_1_53' title='bbox 632 1847 743 1907; x_wconf 92' lang='lat' dir='ltr'><strong>scopus</strong></span> <span class='ocrx_word' id='word_1_54' title='bbox 758 1829 816 1890; x_wconf 85' lang='lat' dir='ltr'><strong>vix</strong></span> <span class='ocrx_word' id='word_1_55' title='bbox 829 1830 927 1891; x_wconf 91' lang='lat' dir='ltr'><strong>Nobis</strong></span> <span class='ocrx_word' id='word_1_56' title='bbox 943 1830 991 1890; x_wconf 91' lang='lat' dir='ltr'><strong>in-</strong></span> 
     </span>
     <span class='ocr_line' id='line_1_14' title="bbox 26 1921 991 2000; baseline 0.008 -24"><span class='ocrx_word' id='word_1_57' title='bbox 26 1921 137 1992; x_wconf 87' lang='lat' dir='ltr'><strong>notuit,</strong></span> <span class='ocrx_word' id='word_1_58' title='bbox 161 1921 271 1980; x_wconf 89' lang='lat' dir='ltr'><strong>statim</strong></span> <span class='ocrx_word' id='word_1_59' title='bbox 293 1921 396 1982; x_wconf 87' lang='lat' dir='ltr'><strong>animo</strong></span> <span class='ocrx_word' id='word_1_60' title='bbox 412 1923 610 1999; x_wconf 82' lang='lat' dir='ltr'><strong>concepimus</strong></span> <span class='ocrx_word' id='word_1_61' title='bbox 625 1940 818 2000; x_wconf 88' lang='lat' dir='ltr'><strong>summopere</strong></span> <span class='ocrx_word' id='word_1_62' title='bbox 833 1942 991 1984; x_wconf 89' lang='lat' dir='ltr'><strong>commen-</strong></span> 
     </span>
     <span class='ocr_line' id='line_1_15' title="bbox 26 2015 991 2095; baseline 0.005 -23"><span class='ocrx_word' id='word_1_63' title='bbox 26 2015 155 2074; x_wconf 88' lang='lat' dir='ltr'><strong>dandum</strong></span> <span class='ocrx_word' id='word_1_64' title='bbox 170 2032 239 2074; x_wconf 89' lang='lat' dir='ltr'><strong>esse</strong></span> <span class='ocrx_word' id='word_1_65' title='bbox 253 2015 484 2076; x_wconf 79' lang='lat' dir='ltr'><strong>Fraternitatis</strong></span> <span class='ocrx_word' id='word_1_66' title='bbox 499 2019 572 2077; x_wconf 88' lang='lat' dir='ltr'><strong>tuae</strong></span> <span class='ocrx_word' id='word_1_67' title='bbox 588 2018 739 2090; x_wconf 84' lang='lat' dir='ltr'><strong>studium,</strong></span> <span class='ocrx_word' id='word_1_68' title='bbox 754 2035 815 2095; x_wconf 87' lang='lat' dir='ltr'><strong>quc</strong></span> <span class='ocrx_word' id='word_1_69' title='bbox 830 2017 991 2079; x_wconf 85' lang='lat' dir='ltr'><strong>excitatus</strong></span> 
     </span>
     <span class='ocr_line' id='line_1_16' title="bbox 26 2100 992 2189; baseline 0.009 -24"><span class='ocrx_word' id='word_1_70' title='bbox 26 2106 262 2168; x_wconf 86' lang='lat' dir='ltr'><strong>luctuosissimis</strong></span> <span class='ocrx_word' id='word_1_71' title='bbox 289 2100 380 2168; x_wconf 81' lang='lat' dir='ltr'><strong>hisce</strong></span> <span class='ocrx_word' id='word_1_72' title='bbox 405 2111 598 2186; x_wconf 75' lang='lat' dir='ltr'><strong>temporibus</strong></span> <span class='ocrx_word' id='word_1_73' title='bbox 620 2111 794 2189; x_wconf 89' lang='lat' dir='ltr'><strong>proeliatus</strong></span> <span class='ocrx_word' id='word_1_74' title='bbox 814 2129 847 2171; x_wconf 91' lang='lat' dir='ltr'><strong>es</strong></span> <span class='ocrx_word' id='word_1_75' title='bbox 869 2110 992 2187; x_wconf 86' lang='lat' dir='ltr'><strong>proelia</strong></span> 
     </span>
     <span class='ocr_line' id='line_1_17' title="bbox 28 2202 993 2283; baseline 0.006 -23"><span class='ocrx_word' id='word_1_76' title='bbox 28 2202 158 2262; x_wconf 88' lang='lat' dir='ltr'><strong>Domini.</strong></span> <span class='ocrx_word' id='word_1_77' title='bbox 176 2202 259 2264; x_wconf 89' lang='lat' dir='ltr'><strong>Illud</strong></span> <span class='ocrx_word' id='word_1_78' title='bbox 274 2202 358 2264; x_wconf 89' lang='lat' dir='ltr'><strong>enim</strong></span> <span class='ocrx_word' id='word_1_79' title='bbox 372 2205 537 2281; x_wconf 86' lang='lat' dir='ltr'><strong>suscepisti</strong></span> <span class='ocrx_word' id='word_1_80' title='bbox 552 2208 811 2281; x_wconf 89' lang='lat' dir='ltr'><strong>pertractandum</strong></span> <span class='ocrx_word' id='word_1_81' title='bbox 826 2223 993 2283; x_wconf 88' lang='lat' dir='ltr'><strong>argumen-</strong></span> 
     </span>
     <span class='ocr_line' id='line_1_18' title="bbox 28 2297 991 2379; baseline 0.009 -26"><span class='ocrx_word' id='word_1_82' title='bbox 28 2297 101 2367; x_wconf 83' lang='lat' dir='ltr'><strong>tum,</strong></span> <span class='ocrx_word' id='word_1_83' title='bbox 124 2315 184 2373; x_wconf 93' lang='lat' dir='ltr'><strong>quo</strong></span> <span class='ocrx_word' id='word_1_84' title='bbox 207 2297 331 2356; x_wconf 90' lang='lat' dir='ltr'><strong>nullum</strong></span> <span class='ocrx_word' id='word_1_85' title='bbox 347 2298 429 2358; x_wconf 82' lang='lat' dir='ltr'><strong>sorte</strong></span> <span class='ocrx_word' id='word_1_86' title='bbox 445 2299 557 2358; x_wconf 90' lang='lat' dir='ltr'><strong>utilius</strong></span> <span class='ocrx_word' id='word_1_87' title='bbox 570 2316 628 2375; x_wconf 92' lang='lat' dir='ltr'><strong>pro</strong></span> <span class='ocrx_word' id='word_1_88' title='bbox 643 2299 805 2376; x_wconf 85' lang='lat' dir='ltr'><strong>spirituali</strong></span> <span class='ocrx_word' id='word_1_89' title='bbox 821 2301 869 2361; x_wconf 92' lang='lat' dir='ltr'><strong>tni</strong></span> <span class='ocrx_word' id='word_1_90' title='bbox 884 2301 991 2379; x_wconf 87' lang='lat' dir='ltr'><strong>gregis</strong></span> 
     </span>
     <span class='ocr_line' id='line_1_19' title="bbox 28 2381 991 2471; baseline 0.008 -24"><span class='ocrx_word' id='word_1_91' title='bbox 28 2389 141 2462; x_wconf 84' lang='lat' dir='ltr'><strong>salute,</strong></span> <span class='ocrx_word' id='word_1_92' title='bbox 170 2391 294 2450; x_wconf 88' lang='lat' dir='ltr'><strong>nullum</strong></span> <span class='ocrx_word' id='word_1_93' title='bbox 316 2410 436 2469; x_wconf 87' lang='lat' dir='ltr'><strong>quoque</strong></span> <span class='ocrx_word' id='word_1_94' title='bbox 460 2381 668 2470; x_wconf 86' lang='lat' dir='ltr'><strong>opportunius</strong></span> <span class='ocrx_word' id='word_1_95' title='bbox 690 2393 819 2454; x_wconf 84' lang='lat' dir='ltr'><strong>videtur</strong></span> <span class='ocrx_word' id='word_1_96' title='bbox 845 2412 912 2454; x_wconf 89' lang='lat' dir='ltr'><strong>esse</strong></span> <span class='ocrx_word' id='word_1_97' title='bbox 933 2412 991 2471; x_wconf 93' lang='lat' dir='ltr'><strong>pro</strong></span> 
     </span>
     <span class='ocr_line' id='line_1_20' title="bbox 29 2483 992 2563; baseline 0.008 -23"><span class='ocrx_word' id='word_1_98' title='bbox 29 2483 201 2546; x_wconf 86' lang='lat' dir='ltr'><strong>miserrimo</strong></span> <span class='ocrx_word' id='word_1_99' title='bbox 230 2484 286 2545; x_wconf 94' lang='lat' dir='ltr'><strong>illo</strong></span> <span class='ocrx_word' id='word_1_100' title='bbox 316 2488 426 2559; x_wconf 89' lang='lat' dir='ltr'><strong>statu,</strong></span> <span class='ocrx_word' id='word_1_101' title='bbox 453 2488 492 2548; x_wconf 89' lang='lat' dir='ltr'><strong>ad</strong></span> <span class='ocrx_word' id='word_1_102' title='bbox 515 2505 607 2563; x_wconf 88' lang='lat' dir='ltr'><strong>quom</strong></span> <span class='ocrx_word' id='word_1_103' title='bbox 629 2487 759 2548; x_wconf 85' lang='lat' dir='ltr'><strong>redacta</strong></span> <span class='ocrx_word' id='word_1_104' title='bbox 786 2506 868 2548; x_wconf 88' lang='lat' dir='ltr'><strong>nnnc</strong></span> <span class='ocrx_word' id='word_1_105' title='bbox 889 2491 939 2548; x_wconf 89' lang='lat' dir='ltr'><strong>est</strong></span> <span class='ocrx_word' id='word_1_106' title='bbox 959 2489 992 2548; x_wconf 93' lang='lat' dir='ltr'><strong>in</strong></span> 
     </span>
     <span class='ocr_line' id='line_1_21' title="bbox 31 2577 993 2659; baseline 0.004 -23"><span class='ocrx_word' id='word_1_107' title='bbox 31 2577 136 2638; x_wconf 81' lang='lat' dir='ltr'><strong>Galliis</strong></span> <span class='ocrx_word' id='word_1_108' title='bbox 149 2578 277 2657; x_wconf 89' lang='lat' dir='ltr'><strong>religio:</strong></span> <span class='ocrx_word' id='word_1_109' title='bbox 291 2597 396 2640; x_wconf 88' lang='lat' dir='ltr'><strong>omnes</strong></span> <span class='ocrx_word' id='word_1_110' title='bbox 413 2579 567 2658; x_wconf 86' lang='lat' dir='ltr'><strong>siquidem</strong></span> <span class='ocrx_word' id='word_1_111' title='bbox 579 2584 696 2642; x_wconf 86' lang='lat' dir='ltr'><strong>norunt</strong></span> <span class='ocrx_word' id='word_1_112' title='bbox 707 2581 781 2658; x_wconf 88' lang='lat' dir='ltr'><strong>qnid</strong></span> <span class='ocrx_word' id='word_1_113' title='bbox 796 2581 885 2642; x_wconf 89' lang='lat' dir='ltr'><strong>illins</strong></span> <span class='ocrx_word' id='word_1_114' title='bbox 899 2581 993 2659; x_wconf 88' lang='lat' dir='ltr'><strong>regni</strong></span> 
     </span>
     <span class='ocr_line' id='line_1_22' title="bbox 30 2671 1039 2753; baseline 0.005 -23"><span class='ocrx_word' id='word_1_115' title='bbox 30 2671 198 2732; x_wconf 82' lang='lat' dir='ltr'><strong>Novatores</strong></span> <span class='ocrx_word' id='word_1_116' title='bbox 221 2672 324 2734; x_wconf 89' lang='lat' dir='ltr'><strong>animo</strong></span> <span class='ocrx_word' id='word_1_117' title='bbox 346 2691 401 2733; x_wconf 91' lang='lat' dir='ltr'><strong>suo</strong></span> <span class='ocrx_word' id='word_1_118' title='bbox 423 2672 638 2751; x_wconf 83' lang='lat' dir='ltr'><strong>conceperint,</strong></span> <span class='ocrx_word' id='word_1_119' title='bbox 660 2674 734 2752; x_wconf 86' lang='lat' dir='ltr'><strong>quid</strong></span> <span class='ocrx_word' id='word_1_120' title='bbox 758 2693 851 2752; x_wconf 90' lang='lat' dir='ltr'><strong>opere</strong></span> <span class='ocrx_word' id='word_1_121' title='bbox 873 2675 989 2748; x_wconf 88' lang='lat' dir='ltr'><strong>moliti,</strong></span> <span class='ocrx_word' id='word_1_122' title='bbox 1037 2748 1039 2753; x_wconf 68' lang='lat'>,</span> 
     </span>
     <span class='ocr_line' id='line_1_23' title="bbox 32 2762 994 2844; baseline 0.007 -25"><span class='ocrx_word' id='word_1_123' title='bbox 32 2762 96 2836; x_wconf 92' lang='lat' dir='ltr'><strong>quid</strong></span> <span class='ocrx_word' id='word_1_124' title='bbox 118 2767 252 2844; x_wconf 87' lang='lat' dir='ltr'><strong>denique</strong></span> <span class='ocrx_word' id='word_1_125' title='bbox 274 2767 307 2826; x_wconf 87' lang='lat' dir='ltr'><strong>vi</strong></span> <span class='ocrx_word' id='word_1_126' title='bbox 322 2767 420 2827; x_wconf 89' lang='lat' dir='ltr'><strong>etiam</strong></span> <span class='ocrx_word' id='word_1_127' title='bbox 435 2767 580 2828; x_wconf 89' lang='lat' dir='ltr'><strong>adhibita</strong></span> <span class='ocrx_word' id='word_1_128' title='bbox 593 2767 719 2828; x_wconf 81' lang='lat' dir='ltr'><strong>executi</strong></span> <span class='ocrx_word' id='word_1_129' title='bbox 735 2767 867 2841; x_wconf 85' lang='lat' dir='ltr'><strong>fuerint,</strong></span> <span class='ocrx_word' id='word_1_130' title='bbox 881 2770 918 2828; x_wconf 89' lang='lat' dir='ltr'><strong>nt</strong></span> <span class='ocrx_word' id='word_1_131' title='bbox 931 2771 994 2830; x_wconf 88' lang='lat' dir='ltr'><strong>Re·</strong></span> 
     </span>
     <span class='ocr_line' id='line_1_24' title="bbox 35 2854 992 2939; baseline 0.007 -27"><span class='ocrx_word' id='word_1_132' title='bbox 35 2854 175 2931; x_wconf 83' lang='lat' dir='ltr'><strong>ligionem</strong></span> <span class='ocrx_word' id='word_1_133' title='bbox 198 2859 297 2936; x_wconf 84' lang='lat' dir='ltr'><strong>ipsam</strong></span> <span class='ocrx_word' id='word_1_134' title='bbox 320 2879 381 2920; x_wconf 92' lang='lat' dir='ltr'><strong>non</strong></span> <span class='ocrx_word' id='word_1_135' title='bbox 395 2860 627 2921; x_wconf 85' lang='lat' dir='ltr'><strong>labefactarent</strong></span> <span class='ocrx_word' id='word_1_136' title='bbox 642 2861 753 2933; x_wconf 87' lang='lat' dir='ltr'><strong>solum,</strong></span> <span class='ocrx_word' id='word_1_137' title='bbox 769 2862 822 2921; x_wconf 92' lang='lat' dir='ltr'><strong>sed</strong></span> <span class='ocrx_word' id='word_1_138' title='bbox 837 2861 935 2922; x_wconf 87' lang='lat' dir='ltr'><strong>etiam</strong></span> <span class='ocrx_word' id='word_1_139' title='bbox 950 2859 992 2939; x_wconf 91' lang='lat' dir='ltr'><strong>(si</strong></span> 
     </span>
     <span class='ocr_line' id='line_1_25' title="bbox 35 2947 990 3032; baseline 0.005 -26"><span class='ocrx_word' id='word_1_140' title='bbox 35 2947 95 3010; x_wconf 86' lang='lat' dir='ltr'><strong>fieri</strong></span> <span class='ocrx_word' id='word_1_141' title='bbox 122 2953 240 3032; x_wconf 88' lang='lat' dir='ltr'><strong>posset)</strong></span> <span class='ocrx_word' id='word_1_142' title='bbox 270 2954 397 3030; x_wconf 87' lang='lat' dir='ltr'><strong>penitus</strong></span> <span class='ocrx_word' id='word_1_143' title='bbox 425 2954 658 3013; x_wconf 86' lang='lat' dir='ltr'><strong>subverterent.</strong></span> <span class='ocrx_word' id='word_1_144' title='bbox 683 2956 727 3015; x_wconf 92' lang='lat' dir='ltr'><strong>Ut</strong></span> <span class='ocrx_word' id='word_1_145' title='bbox 747 2954 851 3030; x_wconf 90' lang='lat' dir='ltr'><strong>igitur</strong></span> <span class='ocrx_word' id='word_1_146' title='bbox 878 2955 990 3012; x_wconf 91' lang='lat' dir='ltr'><strong>horum</strong></span> 
     </span>
     <span class='ocr_line' id='line_1_26' title="bbox 35 3043 993 3122; baseline 0.005 -24"><span class='ocrx_word' id='word_1_147' title='bbox 35 3043 268 3122; x_wconf 81' lang='lat' dir='ltr'><strong>malignantium</strong></span> <span class='ocrx_word' id='word_1_148' title='bbox 290 3050 379 3106; x_wconf 90' lang='lat' dir='ltr'><strong>muta</strong></span> <span class='ocrx_word' id='word_1_149' title='bbox 399 3047 514 3106; x_wconf 88' lang='lat' dir='ltr'><strong>fierent</strong></span> <span class='ocrx_word' id='word_1_150' title='bbox 534 3045 619 3106; x_wconf 92' lang='lat' dir='ltr'><strong>labia</strong></span> <span class='ocrx_word' id='word_1_151' title='bbox 639 3046 758 3118; x_wconf 44' lang='lat' dir='ltr'><strong>dolosas</strong></span> <span class='ocrx_word' id='word_1_152' title='bbox 781 3048 907 3104; x_wconf 88' lang='lat' dir='ltr'><strong>nostrae</strong></span> <span class='ocrx_word' id='word_1_153' title='bbox 929 3047 993 3104; x_wconf 89' lang='lat' dir='ltr'><strong>Re-</strong></span> 
     </span>
     <span class='ocr_line' id='line_1_27' title="bbox 34 3133 995 3216; baseline 0.004 -25"><span class='ocrx_word' id='word_1_154' title='bbox 34 3133 151 3211; x_wconf 86' lang='lat' dir='ltr'><strong>ligionis</strong></span> <span class='ocrx_word' id='word_1_155' title='bbox 174 3138 345 3200; x_wconf 84' lang='lat' dir='ltr'><strong>veritatem</strong></span> <span class='ocrx_word' id='word_1_156' title='bbox 368 3158 387 3198; x_wconf 92' lang='lat' dir='ltr'><strong>a</strong></span> <span class='ocrx_word' id='word_1_157' title='bbox 408 3139 558 3214; x_wconf 87' lang='lat' dir='ltr'><strong>captiosis</strong></span> <span class='ocrx_word' id='word_1_158' title='bbox 580 3137 911 3216; x_wconf 85' lang='lat' dir='ltr'><strong>argumentationibus</strong></span> <span class='ocrx_word' id='word_1_159' title='bbox 925 3136 995 3213; x_wconf 91' lang='lat' dir='ltr'><strong>phi-</strong></span> 
     </span>
     <span class='ocr_line' id='line_1_28' title="bbox 35 3225 994 3307; baseline 0.009 -23"><span class='ocrx_word' id='word_1_160' title='bbox 35 3225 225 3307; x_wconf 88' lang='lat' dir='ltr'><strong>losophorum</strong></span> <span class='ocrx_word' id='word_1_161' title='bbox 254 3232 348 3292; x_wconf 89' lang='lat' dir='ltr'><strong>huius</strong></span> <span class='ocrx_word' id='word_1_162' title='bbox 369 3233 487 3292; x_wconf 89' lang='lat' dir='ltr'><strong>saeculi</strong></span> <span class='ocrx_word' id='word_1_163' title='bbox 509 3231 729 3292; x_wconf 86' lang='lat' dir='ltr'><strong>vindicandam</strong></span> <span class='ocrx_word' id='word_1_164' title='bbox 752 3229 933 3307; x_wconf 89' lang='lat' dir='ltr'><strong>suscepisti;</strong></span> <span class='ocrx_word' id='word_1_165' title='bbox 958 3236 994 3293; x_wconf 92' lang='lat' dir='ltr'><strong>ut</strong></span> 
     </span>
     <span class='ocr_line' id='line_1_29' title="bbox 37 3322 993 3402; baseline 0.005 -22"><span class='ocrx_word' id='word_1_166' title='bbox 37 3322 83 3394; x_wconf 90' lang='lat' dir='ltr'><strong>qni</strong></span> <span class='ocrx_word' id='word_1_167' title='bbox 102 3325 207 3388; x_wconf 86' lang='lat' dir='ltr'><strong>fideles</strong></span> <span class='ocrx_word' id='word_1_168' title='bbox 229 3330 318 3389; x_wconf 86' lang='lat' dir='ltr'><strong>stant</strong></span> <span class='ocrx_word' id='word_1_169' title='bbox 338 3327 578 3400; x_wconf 80' lang='lat' dir='ltr'><strong>confirmentur,</strong></span> <span class='ocrx_word' id='word_1_170' title='bbox 601 3325 655 3402; x_wconf 90' lang='lat' dir='ltr'><strong>qui</strong></span> <span class='ocrx_word' id='word_1_171' title='bbox 678 3344 752 3387; x_wconf 87' lang='lat' dir='ltr'><strong>vero</strong></span> <span class='ocrx_word' id='word_1_172' title='bbox 773 3325 938 3388; x_wconf 83' lang='lat' dir='ltr'><strong>ambulant</strong></span> <span class='ocrx_word' id='word_1_173' title='bbox 961 3328 993 3387; x_wconf 89' lang='lat' dir='ltr'><strong>in</strong></span> 
     </span>
    </p>
   </div>
   <div class='ocr_carea' id='block_1_8' title="bbox 39 3413 995 3493">
    <p class='ocr_par' dir='ltr' id='par_1_8' title="bbox 39 3413 995 3493">
     <span class='ocr_line' id='line_1_30' title="bbox 39 3413 995 3493; baseline 0.008 -21"><span class='ocrx_word' id='word_1_174' title='bbox 39 3413 166 3480; x_wconf 82' lang='lat' dir='ltr'><strong>tenebris</strong></span> <span class='ocrx_word' id='word_1_175' title='bbox 191 3424 227 3482; x_wconf 87' lang='lat' dir='ltr'><strong>et</strong></span> <span class='ocrx_word' id='word_1_176' title='bbox 248 3422 360 3482; x_wconf 88' lang='lat' dir='ltr'><strong>umbra</strong></span> <span class='ocrx_word' id='word_1_177' title='bbox 380 3419 494 3480; x_wconf 89' lang='lat' dir='ltr'><strong>mortis</strong></span> <span class='ocrx_word' id='word_1_178' title='bbox 514 3421 552 3480; x_wconf 89' lang='lat' dir='ltr'><strong>ad</strong></span> <span class='ocrx_word' id='word_1_179' title='bbox 574 3419 759 3493; x_wconf 86' lang='lat' dir='ltr'><strong>Ecclesiam,</strong></span> <span class='ocrx_word' id='word_1_180' title='bbox 782 3418 865 3482; x_wconf 91' lang='lat' dir='ltr'><strong>lucis</strong></span> <span class='ocrx_word' id='word_1_181' title='bbox 886 3423 920 3481; x_wconf 90' lang='lat' dir='ltr'><strong>et</strong></span> <span class='ocrx_word' id='word_1_182' title='bbox 942 3439 995 3480; x_wconf 86' lang='lat' dir='ltr'><strong>ve-</strong></span> 
     </span>
    </p>
   </div>
   <div class='ocr_carea' id='block_1_9' title="bbox 41 3503 890 3649">
    <p class='ocr_par' dir='ltr' id='par_1_9' title="bbox 41 3503 890 3649">
     <span class='ocr_line' id='line_1_31' title="bbox 41 3503 456 3590; baseline 0.014 -22"><span class='ocrx_word' id='word_1_183' title='bbox 41 3503 289 3590; x_wconf 67' lang='lat' dir='ltr'><strong>ausafensem,</strong></span> <span class='ocrx_word' id='word_1_184' title='bbox 312 3515 456 3576; x_wconf 88' lang='lat' dir='ltr'><strong>redeant.</strong></span> 
     </span>
     <span class='ocr_line' id='line_1_32' title="bbox 873 3616 890 3649; baseline 0 0"><span class='ocrx_word' id='word_1_185' title='bbox 873 3616 890 3649; x_wconf 81' lang='lat'><strong>*</strong></span> 
     </span>
    </p>
   </div>
   <div class='ocr_carea' id='block_1_10' title="bbox 0 0 1234 4196">
    <p class='ocr_par' dir='ltr' id='par_1_10' title="bbox 0 0 1234 4196">
     <span class='ocr_line' id='line_1_33' title="bbox 0 0 1234 4196; baseline 0 0"><span class='ocrx_word' id='word_1_186' title='bbox 0 0 1234 4196; x_wconf 95' lang='lat' dir='ltr'><strong> </strong></span> 
     </span>
    </p>
   </div>
  </div>
 </body>
</html>
