2488 4204
652 275 691 289 ..
712 246 753 305 52
774 273 812 288 ..

249 354 393 417 illustres
413 353 572 431 praesides
593 356 720 430 gratum
735 349 873 410 animum
887 353 1043 409 testatum
1062 347 1208 434 ¹moerent.
1229 323 1230 382 3

250 449 299 509 'l'n
320 465 393 508 sane
423 449 587 524 postquam
616 444 681 505 tuis
708 443 829 504 litteris
851 442 947 506 Nobis
975 440 1211 519 siguifioaveras

248 541 394 620 egregios
414 558 521 600 sensus
533 539 628 600 istius
648 537 765 616 inclyti
778 539 899 609 uoetus,
912 553 952 596 ea
970 535 1069 596 Nobis
1083 552 1230 622 eommo-1

249 634 383 695 morasti
403 632 501 695 animi
527 632 640 695 Nostri
666 631 806 699 indicia,
830 631 944 708 quibus
964 634 1069 690 terum
1096 625 1230 706 egimusl

250 745 332 789 anuo
354 726 451 800 1⁷8⁹,
467 726 520 787 ubi
540 727 578 786 ad
600 727 679 786 bane
700 726 815 788 almum
838 725 947 784 urbem
968 727 1001 784 te
1021 723 1212 783 contuleras.

249 822 369 882 Verum
379 821 515 881 Nostrae
529 818 561 878 in
576 822 610 878 te
624 817 831 879 humanitati·
844 815 946 876 officia
959 814 1147 876 huiusmodi
1161 813 1211 874 tibi

250 932 324 976 seue
345 913 551 986 debebantur,
572 930 664 990 quem
684 914 719 972 et
739 909 905 989 sanguinis
926 908 1077 970 nobilitas
1100 913 1141 968 et
1161 909 1211 968 sin·

252 1007 377 1086 galeria
390 1011 576 1067 ornamenta
588 1007 818 1066 eommsndsut.
832 1005 898 1065 Nos
913 1020 991 1064 vero
1004 1020 1136 1079 semper
1151 1020 1213 1062 eon·

251 1099 412 1162 suavimus
440 1099 592 1178 peeulieri
619 1102 745 1160 nostrae
766 1097 1005 1158 benevolentiae
1034 1095 1211 1158 testimonio

250 1192 400 1272 prosequi
427 1193 514 1252 viros
535 1191 628 1253 istius
656 1191 815 1266 nationis,
836 1193 890 1270 qui
917 1191 986 1251 iure
1006 1192 1148 1268 quodam
1168 1206 1211 1248 suo

251 1289 402 1350 Nostram
422 1286 482 1347 sibi
502 1286 666 1348 vindicant
678 1286 945 1347 existimationem
957 1289 1132 1363 gratosque
1153 1301 1210 1344 sen·

252 1397 318 1454 sns;
339 1379 452 1457 quibus
471 1397 545 1439 sane
562 1397 678 1458 magna
699 1379 785 1441 saeta
805 1380 944 1440 aooessio
957 1381 1057 1439 estex
1070 1395 1112 1436 eo
1131 1393 1210 1454 pree·

253 1473 365 1535 sertim
385 1476 539 1551 tempore,
562 1490 631 1534 oum
652 1474 785 1550 biegnae
798 1471 985 1533 Britanniae
1006 1489 1064 1531 rex
1078 1469 1210 1532 illustris

253 1570 289 1628 et
307 1566 431 1646 inclyta
452 1565 539 1626 natio
558 1564 623 1626 ista
644 1566 793 1626 universa
814 1565 962 1632 maximis
982 1563 1151 1626 benefieiis
1175 1582 1212 1624 os

252 1660 386 1723 tholioos
406 1659 529 1732 affecit,
549 1663 583 1720 et
602 1659 720 1736 eximia
740 1676 817 1737 erga
836 1658 963 1719 exsules
989 1657 1210 1719 ecclesiasticos

252 1755 361 1817 (tellus
375 1771 433 1816 usa
452 1757 502 1814 est
514 1753 720 1814 liberalitate.
736 1753 817 1815 Hine
830 1754 1045 1831 gratissimum
1059 1753 1165 1814 Nobis
1175 1753 1211 1811 lu-

253 1849 363 1909 tnrum
383 1847 443 1908 tibi
464 1850 663 1925 persuadeas,
678 1847 706 1906 si
720 1847 888 1924 ingenuam
902 1848 981 1906 hano
995 1845 1096 1907 animi
1111 1843 1211 1909 Nostri

253 1940 515 2019 significationem
536 1941 639 2018 pelam
660 1940 802 2000 omnibus
823 1939 942 2013 faeies,
965 1943 999 2000 et
1019 1939 1046 1999 si
1066 1957 1134 2001 une
1154 1956 1211 2000 oum

253 2033 393 2114 egregiis
413 2035 477 2095 tuis
498 2035 590 2095 sooiis
610 2035 746 2107 ornabis,
770 2037 807 2094 ut
827 2035 942 2095 melior
962 2034 995 2093 in
1017 2034 1085 2093 dies
1109 2037 1212 2095 evadat

255 2126 394 2188 eonditio
405 2126 631 2188 catholicorum
645 2130 682 2189 ad
698 2127 796 2205 ipsius
805 2128 929 2206 patrias
941 2131 1014 2188 tuae
1030 2127 1210 2204 utilitatem,

255 2238 334 2299 quae
362 2220 394 2280 iu
415 2219 493 2296 ipsis
513 2219 653 2296 proferto
679 2221 787 2283 fideles
808 2225 843 2282 et
867 2220 1050 2282 obedientes
1079 2221 1210 2283 homines

254 2330 379 2390 semper
399 2315 449 2372 est
468 2316 652 2390 expertura.
667 2315 733 2376 Nos
752 2313 883 2376 iuterim
904 2314 965 2374 tibi
986 2313 1113 2375 maiora
1126 2334 1147 2375 a
1161 2317 1210 2376 Deo

255 2405 381 2483 Optimo
401 2404 539 2465 Maximo
560 2405 641 2468 bonu
660 2406 764 2469 omnia
783 2409 1003 2484 adpreeamur.

317 2498 432 2558 Datum
452 2500 589 2572 Romae,
619 2499 669 2560 die
696 2502 756 2561 VII
780 2499 974 2578 Septembris
995 2500 1208 2571 runoooxffl,

257 2589 464 2651 Pontificatus
484 2591 596 2654 Nostri
617 2611 697 2654 anno
717 2593 805 2654 XIX.
