2424 4196
611 161 793 220 --158-

225 270 401 348 vigilandi,
413 267 695 345 circumspiciendi,
712 268 865 345 patiendi,
878 268 973 328 flendi
984 286 1098 328 causae
1112 286 1167 328 seu·

219 381 276 440 per
297 367 422 439 praesto
447 365 531 420 sunt.
554 362 662 436 Neque
679 361 779 420 solum
802 361 840 420 de
861 362 1084 438 praesentibus
1098 362 1168 422 malis
1196 373 1199 406 l

219 456 385 515 dolendum
400 455 496 516 Nobis
512 457 572 526 est,
589 469 700 512 verum
716 455 811 514 etiam
828 459 968 530 oportet,
984 459 1022 514 ut
1036 474 1099 532 qua
1111 457 1167 514 fusis
1196 466 1199 505 l

220 551 258 610 ad
280 551 375 608 Deum
398 547 553 625 precibus,
569 564 631 622 qua
644 547 729 606 omui
745 547 887 624 possibili
903 553 1032 622 conatu,
1048 550 1167 609 incertae
1196 559 1199 596 31

220 663 255 704 ac
268 642 407 702 terribili
420 640 522 701 futuri
535 639 685 716 temporis
697 640 931 716 perturbationi
948 643 1166 719 prospiciamus.
1198 655 1199 688 ἓ

220 740 324 814 Atque
346 737 466 797 utinam
488 736 519 793 in
543 736 643 795 tantis
665 736 872 796 humanarum
893 755 1001 797 rerum
1026 738 1167 798 vicissitu-

221 831 357 901 dinibus
380 832 413 887 et
434 828 467 886 in
488 827 637 902 ambigua
657 827 719 886 ista
740 831 836 904 atque
851 830 975 890 incerta
988 831 1167 892 inimicorum
1198 871 1199 876 κ

222 933 397 1002 temporum
418 922 608 996 conditione,
631 923 750 999 aliquid
771 925 971 984 adinvenisse
985 927 1093 1000 detur,
1108 928 1166 1004 quod
1198 965 1199 970 κ

223 1020 319 1079 ullam
341 1018 457 1095 quietis
479 1021 511 1076 et
532 1018 760 1078 consolationis
774 1036 858 1094 spem
874 1018 1000 1079 iniiciat
1013 1022 1136 1080 vexatis
1146 1039 1167 1078 ac
1195 1031 1199 1064 ³

222 1111 417 1189 perturbatis
443 1111 602 1171 Ecclesiae
631 1110 785 1186 negotiis,
816 1111 998 1194 populisque
1028 1113 1165 1173 fidelibus!
1194 1105 1199 1186 }1

222 1207 420 1283 Quapropter
448 1204 669 1263 nonnullorum
698 1203 887 1263 Pontificum
914 1208 1166 1282 praedecessornn
1194 1191 1199 1254 ss

222 1302 410 1362 Nostrorum
426 1297 571 1374 exempla
585 1301 754 1370 sectantes,
768 1297 806 1356 de
825 1317 860 1358 eo
880 1299 1037 1375 imprimis
1051 1301 1167 1377 cogitur·

222 1395 295 1453 dum
316 1392 414 1453 Nobis
436 1396 495 1460 est,
518 1393 597 1468 quod
621 1391 729 1450 statim
751 1393 905 1468 agendum
929 1394 1010 1465 erit,
1032 1395 1086 1454 ubi
1107 1397 1166 1454 hanc
1195 1405 1199 1468 4

222 1484 435 1562 Apostolicam
448 1484 558 1542 Sedem
571 1501 683 1542 vacare
697 1483 873 1562 contingat3
887 1488 967 1562 quod
982 1486 1102 1546 scilicet
1111 1489 1168 1546 Car·
1195 1471 1199 1534 Ῐ

223 1580 343 1639 dinales
365 1579 397 1638 S.
415 1581 454 1638 R.
471 1579 508 1636 E.
525 1577 754 1653 quamprimum
776 1579 918 1637 ineundis
933 1579 1073 1640 comitiis
1087 1598 1168 1656 pron·

223 1677 310 1749 ptam
333 1689 459 1748 operam
480 1670 663 1746 impendant
684 1688 759 1747 opus
781 1673 855 1745 erit;
872 1691 911 1746 en
933 1673 982 1732 his
1003 1675 1087 1733 enim
1106 1676 1166 1750 quod

225 1767 446 1844 gravissimum
468 1764 569 1824 estin
593 1765 690 1824 sacris
709 1766 822 1838 rebus,
845 1771 1017 1842 etmagna
1037 1786 1076 1826 ex
1098 1773 1167 1843 parte

225 1859 353 1917 futurus
381 1857 537 1917 Ecclesiae
566 1861 669 1917 status
697 1860 839 1933 procedit
863 1876 899 1918 ac
925 1861 1051 1934 pendet.
1079 1861 1168 1920 Nostri

223 1950 348 2026 quidem
371 1951 623 2026 praedecessores
652 1949 753 2008 multa
775 1950 838 2008 ruis
861 1951 1057 2026 temporibus
1077 1967 1168 2028 oppor-

223 2047 302 2102 tuna
322 2043 545 2118 excogitarunt
572 2060 607 2101 ac
639 2043 869 2119 sapientissime
897 2045 1126 2118 decreverunt,
1145 2045 1168 2101 de

225 2137 411 2214 gravissimo
437 2135 562 2211 negotio
585 2136 721 2214 eligendi
749 2155 863 2196 novum
890 2138 1087 2202 Pontificem.
1112 2141 1168 2200 (lun

226 2233 330 2288 autem
358 2246 439 2286 nova
459 2246 565 2288 rerum
587 2231 733 2290 adiuncta
754 2232 1008 2306 supervenerint,
1033 2251 1113 2292 nova
1130 2247 1169 2288 ne·

226 2343 309 2385 cesse
322 2327 372 2384 cst
384 2343 495 2400 parare
511 2332 543 2384 et
554 2328 676 2387 sancire
689 2330 815 2388 decreta
826 2328 935 2386 iisdem
945 2330 1167 2387 accommodata.

284 2418 392 2476 Primo
413 2418 519 2494 itaque
542 2423 575 2478 et
596 2426 669 2480 ante
685 2422 788 2480 omnia
804 2421 1042 2480 deliberandum
1056 2422 1168 2482 fortasse

227 2512 291 2571 erit
305 2512 505 2572 Electoribus
518 2516 555 2572 de
570 2514 639 2574 loco
653 2515 909 2574 celebrandorum
923 2514 1122 2574 comitiorum
1131 2529 1168 2570 seu

227 2609 264 2666 de
286 2607 387 2683 amplo
408 2608 562 2680 conclavi,
582 2609 613 2666 in
636 2628 696 2685 quo
718 2626 823 2667 omnes
838 2607 1008 2667 convenire
1023 2613 1058 2668 et
1073 2603 1168 2667 morari

226 2701 382 2761 debebunt
394 2721 490 2779 usque
505 2705 542 2761 ad
560 2704 632 2762 novi
647 2703 811 2763 Pontificis
826 2703 1022 2762 electionem:
1040 2702 1167 2761 videlicet

227 2813 300 2854 num
315 2794 504 2854 conveniens
526 2795 634 2854 iisdem
659 2795 702 2854 sit
723 2815 741 2855 a
764 2795 886 2872 vigenti
901 2794 1168 2854 consuetudinem·

227 2895 335 2952 cedere
357 2893 561 2952 conveniendi
583 2893 614 2950 in
638 2894 728 2951 aedes
757 2895 925 2952 Vaticauas
950 2894 987 2951 ad
1018 2895 1051 2952 S.
1083 2887 1167 2954 Petri,

228 2989 274 3047 uti
291 2991 395 3047 actum
412 2991 461 3046 est
475 2986 734 3063 praecedentibus
749 2987 893 3060 saeculis,
907 2988 944 3045 ad
958 2987 1119 3046 vitandum
1130 2984 1169 3040 atr

228 3080 407 3153 insalubre3
431 3099 504 3138 num
533 3082 571 3139 ad
600 3079 749 3138 maiorem
778 3080 839 3139 loci
868 3079 1084 3151 securitatem,
1100 3095 1130 3136 ac
1145 3073 1167 3130 in

228 3173 365 3231 ferendis
387 3173 544 3250 suffragiis
569 3172 769 3244 libertatem
796 3177 889 3250 atque
918 3175 955 3233 ad
985 3174 1105 3232 minora
1127 3169 1169 3225 im·

228 3267 339 3341 pendia
368 3267 398 3325 in
428 3266 611 3325 instruendo
639 3283 695 3346 pro
716 3283 802 3325 more
825 3267 965 3327 conclavi
995 3259 1168 3343 procuranda

227 3364 356 3433 propter
378 3361 460 3418 aeris
481 3358 617 3434 inopiam
640 3360 677 3416 ab
699 3360 832 3418 Aerario
854 3361 906 3419 rel
932 3361 971 3419 ab
992 3355 1168 3420 Electoribus

228 3451 466 3526 suppeditandi3
484 3450 535 3510 vel
554 3451 675 3509 domum
698 3452 735 3510 ob
757 3453 975 3512 necessitatem
996 3450 1109 3531 negotii
1121 3460 1168 3521 quo
