2424 4196
1188 129 1199 228 l

1197 233 1199 324 i

622 231 801 290 -112-

238 335 335 396 ctitas
356 338 420 396 Sua
441 338 539 414 possit
566 356 602 398 ea
631 338 819 416 providere,
848 358 928 416 quae
955 341 1173 402 circumstantiis
1197 335 1199 414 l

238 434 333 489 eruut
344 430 443 507 magia
458 430 690 505 convenientia;
702 433 960 508 quemadmodum
971 434 1044 495 aliis
1054 435 1174 495 Ecelodh

239 523 391 600 providit,
414 542 546 601 quarum
569 526 716 586 notitiam
738 525 863 586 habuit.

297 617 329 677 5.
352 617 526 684 Quaeritur
538 618 661 694 quinto,
683 622 790 680 utrum
809 619 842 678 in
856 620 1008 681 hodierna
1026 621 1173 682 Galliarum

237 710 427 785 conditione,
443 712 475 771 in
491 729 552 789 qua
567 712 758 788 impossihile
773 716 829 773 aut
843 713 1063 773 difficillimum
1077 720 1120 774 est
1130 732 1174 772 ma·

238 803 389 867 trimonia
409 807 597 866 contrahere
618 823 721 865 coram
744 805 872 883 proprio
892 806 1039 883 legitimo
1053 807 1171 884 parocho,

219 963 221 967 ,
239 899 287 958 uti
308 898 405 959 liceat
425 899 587 960 notissima
608 900 822 960 declaratione
843 901 1103 984 congregationis
1115 903 1174 962 (ion-
1198 963 1199 968 .

173 1029 174 1034 κ
236 991 303 1052 ciiii
325 1012 345 1053 a
365 992 478 1070 Sylvio
500 993 604 1052 relata
625 991 682 1071 (l).

298 1088 337 1146 R.
360 1084 499 1145 Sufficiet
520 1085 579 1145 hac
600 1085 632 1142 iu
655 1101 691 1142 re
712 1085 875 1146 consulere
896 1085 1065 1163 epistolam
1080 1087 1113 1146 ad
1125 1086 1174 1161 hpi·
1198 1101 1199 1166 ,

236 1195 361 1255 scopum
382 1177 555 1240 Lucioneu.
578 1175 623 1256 (2)
645 1177 781 1238 relatam
796 1179 881 1238 iuter
895 1179 1043 1256 praefata
1058 1197 1173 1258 responsa
1198 1167 1199 1242 l

236 1271 427 1332 sanctitatis
449 1272 548 1330 Suae:
572 1272 604 1329 in
626 1270 685 1331 illa
705 1270 789 1329 enim
804 1271 878 1332 huic
891 1273 1073 1349 quaestioni
1087 1291 1174 1351 oppor-

237 1370 312 1428 tune
334 1365 495 1443 provisum
517 1367 577 1424 est.

299 1563 336 1620 (1)
352 1562 490 1610 (tomment.
500 1561 528 1608 in
544 1561 568 1607 8.
584 1561 651 1619 part.
669 1561 738 1606 Sum.
758 1561 785 1606 S.
796 1562 886 1608 whom.
906 1564 1005 1620 quaeat.
1015 1564 1094 1611 XLV.
1110 1560 1175 1608 arth

236 1649 323 1696 quaer.
335 1639 380 1684 IV.
390 1635 458 1684 Edit.
469 1636 593 1694 Autuerp.
607 1635 677 1682 1667.
688 1636 773 1684 vohi.
780 1648 838 1694 pag.
851 1638 930 1684 lau·
938 1636 980 1684 Ibi
988 1649 1057 1694 quae
1066 1637 1177 1696 sequuntur

234 1717 343 1766 tradidit
351 1718 515 1776 Sylvius-Si
523 1714 720 1774 extantquidem
733 1716 862 1774 parochus
878 1718 904 1763 et
919 1717 1072 1776 Episcopus,
1082 1714 1177 1766 redundo

236 1796 375 1843 constituto
391 1793 497 1849 vioado,
516 1793 623 1850 uterque
639 1793 708 1838 metu
723 1792 910 1840 haereticorum
925 1793 1021 1851 lateat,
1042 1795 1080 1841 ita
1099 1795 1125 1839 ut
1139 1801 1178 1837 ven

235 1871 368 1929 ignoretur
383 1869 489 1915 ubinam
505 1868 557 1926 sit;
574 1866 618 1913 vel
633 1867 657 1913 si
672 1866 759 1912 eodem
775 1869 845 1913 metu
861 1880 877 1914 a
892 1865 1003 1914 dioecesi
1020 1869 1097 1925 absit,
1112 1863 1178 1915 necat

235 1949 387 2012 alterutrum
403 1947 438 1992 sit
447 1946 519 1991 tutus
530 1955 657 2000 accessus,
669 1942 784 1990 validum
793 1944 833 1989 est
842 1943 1035 1992 matrimonium
1049 1944 1178 2010 eucharim

236 2024 332 2084 absque
347 2023 431 2069 torma
451 2019 575 2078 doneilli,
593 2018 716 2066 adhibitis
731 2021 817 2066 tamen
837 2021 868 2065 ut
883 2019 980 2066 dietum
995 2022 1036 2068 ast
1052 2020 1142 2066 duobm
1153 2019 1179 2060 ie

235 2100 327 2149 stibus.
345 2101 399 2145 Hos
413 2098 477 2144 duos
491 2108 567 2143 casus
584 2094 760 2144 cardinalium
776 2096 944 2154 congregatio
960 2095 999 2142 ita
1014 2097 1135 2155 expressit
1146 2095 1180 2138 ir·
1197 2113 1198 2162 p

235 2176 395 2234 ohiepieoopo
412 2173 570 2231 Philippensi
586 2173 694 2218 Domino
722 2171 846 2218 sesboido
864 2172 894 2217 19
911 2172 1027 2218 Ianuarii
1044 2174 1119 2229 1603,
1137 2177 1179 2228 quii
1196 2165 1198 2220 l

234 2252 268 2299 ab
285 2252 392 2298 Octavio
408 2249 533 2308 Episcopo
550 2248 721 2296 Trioaricensl
737 2260 782 2306 per
793 2248 958 2295 Germaniam
969 2251 995 2294 et
1005 2249 1120 2307 Belgium
1128 2248 1180 2292 hun-
1197 2231 1198 2280 l

234 2325 431 2384 eioApostolico
447 2325 534 2371 fuerat
550 2325 668 2371 consulta
683 2337 729 2382 pro
746 2324 926 2381 matrimoniis,
939 2336 1004 2381 quae
1020 2320 1178 2372 inundandis

233 2401 363 2460 zemnma,
381 2403 408 2448 et
422 2401 508 2448 Frisia
524 2400 755 2447 contrahebantur.
771 2399 847 2448 Prius
864 2401 949 2447 autem
967 2413 1037 2448 anuo
1055 2401 1116 2448 1600
1124 2395 1180 2444 dieii

234 2479 381 2532 Decembris
397 2476 478 2524 eidem
495 2477 601 2526 Octavio
624 2477 661 2524 aio
678 2479 710 2525 Ι).
721 2476 841 2544 Bellarm.
859 2476 1018 2535 scripserat:
1037 2495 1051 2518 u
1062 2478 1100 2524 De
1114 2470 1181 2520 matri·

234 2580 248 2608 .
265 2555 358 2602 moniis
374 2555 513 2601 contractis
527 2554 572 2600 ubi
587 2553 655 2601 nulli
670 2553 723 2600 iam
738 2552 799 2599 sunt
814 2552 911 2610 proprii
927 2553 1061 2611 pastores,
1078 2553 1128 2598 iam
1141 2546 1180 2594 olid

234 2653 248 2676 s
266 2633 352 2678 actum
368 2631 419 2678 init
441 2643 498 2677 oum
518 2627 595 2676 SSriio
618 2631 728 2676 Domino
754 2630 866 2685 Nostro,
887 2630 913 2675 et
930 2642 988 2675 cum
1005 2626 1180 2687 congregatione

234 2725 248 2750 a
266 2707 375 2757 concilii
390 2706 541 2755 Tridentini.
563 2708 602 2752 Ac
618 2707 747 2753 sententia
762 2705 903 2752 communis
919 2706 977 2762 iuit,
1003 2706 1051 2752 ilia
1067 2718 1123 2752 esse
1135 2701 1179 2750 rili

234 2801 248 2826 u
264 2795 312 2832 neo
329 2783 362 2831 ad
377 2796 409 2831 ee
430 2783 556 2842 pertinere
580 2781 709 2830 decretum
734 2781 851 2839 coneilii,
873 2795 931 2828 oum
952 2782 981 2829 iu
1002 2781 1126 2828 eiusmodi
1138 2774 1181 2824 ludu

234 2877 248 2904 a
265 2858 398 2907 obseruari
418 2870 470 2905 uon
485 2857 575 2915 possit.
599 2859 657 2904 Non
676 2857 751 2904 video
775 2867 844 2914 ergo,
863 2869 909 2903 cur
926 2869 957 2903 oa
972 2856 1180 2904 matrimonium

234 2952 247 2974 n
265 2935 374 2983 debeant
389 2935 510 2994 tolerari;
529 2947 586 2981 oum
602 2934 666 2981 satis
682 2934 781 2980 constet
791 2931 898 2980 concilii
908 2931 1046 2989 decretum,
1058 2925 1181 2991 quodiubei

233 3029 247 3054 u
263 3013 454 3060 matrimonium
470 3010 526 3057 lieri
542 3023 629 3057 coram
645 3011 768 3069 parocho,
783 3023 836 3056 non
852 3022 880 3056 se
895 3008 1031 3056 extendere
1050 3009 1083 3056 ed
1096 3007 1180 3054 aolus.

234 3105 246 3128 u
263 3087 308 3136 ubi
324 3088 391 3135 nulli
405 3088 465 3134 sunt
479 3086 622 3144 parochi.»
646 3086 687 3131 ita
706 3084 786 3132 refert
808 3083 973 3141 chapeaville
990 3084 1110 3132 vicarius
1125 3073 1180 3127 hert

233 3177 257 3223 q.
270 3166 309 3213 15.
325 3163 356 3212 de
374 3164 485 3211 mamlm.
509 3164 551 3208 ita
565 3160 643 3208 etiam
658 3160 764 3218 scripsit
779 3159 911 3218 praetatus
928 3159 1052 3207 Octavius
1067 3153 1182 3212 Archiepi-

231 3254 307 3300 aoopo
323 3241 492 3289 blachiiueusi
515 3239 544 3284 ia
566 3237 701 3284 Februarii
717 3237 795 3293 1602,
813 3237 840 3283 et
854 3235 897 3282 hio
912 3236 1038 3294 Episcopo
1054 3234 1149 3294 iprensi
1160 3230 1181 3276 14

232 3315 344 3363 eiusdem
360 3314 464 3363 mensis.
487 3313 546 3360 Sive
568 3324 628 3370 ergo
645 3311 834 3370 dispensatione
848 3311 988 3369 pontificia,
1007 3311 1061 3358 sivo
1075 3310 1137 3356 iuris
1150 3306 1179 3350 in·

232 3391 431 3447 ter-pretatione,
449 3390 476 3436 ln
494 3385 593 3447 oppidis
609 3388 635 3432 et
651 3388 724 3446 pagis
739 3385 810 3444 illis,
827 3385 873 3432 ubi
888 3398 935 3433 nec
951 3387 1042 3433 Pastor
1059 3398 1106 3433 nec
1121 3382 1182 3430 vicem

232 3467 289 3514 elus
305 3477 395 3523 gerens
410 3464 501 3512 haberi
516 3464 608 3521 potest,
626 3460 711 3510 valide
728 3462 883 3510 contrahunt
899 3460 1040 3509 christiani
1055 3461 1109 3508 sine
1123 3458 1168 3504 illo.

296 3542 340 3598 (2)
353 3540 436 3588 Huius
452 3538 575 3587 volumin.
591 3550 650 3596 pag.
664 3539 702 3585 ia.
