2426 4192
420 197 602 256 -185-

41 301 90 361 inm
110 302 246 362 maiores
268 302 492 363 tribulationes
505 301 645 380 perferre
666 299 887 374 desideremus,
905 304 993 362 dnm-

41 396 115 453 modo
137 399 171 454 et
193 397 325 472 propter
346 395 521 470 iustitiam,
543 398 577 456 et
598 399 728 472 propter
754 395 914 456 Christum
939 414 993 456 eas

39 488 167 563 perferre
189 490 367 560 debeamus,
384 491 418 548 et
440 491 491 548 tot
516 490 601 550 bisce
615 489 774 550 laboribus
789 507 849 547 non
870 491 907 549 ad
924 491 994 551 ani-

39 599 94 640 mae
112 583 254 643 Nostrae
268 583 451 657 interitum,
467 583 519 642 sed
540 586 579 643 od
593 581 842 646 emendationem
863 601 899 644 ac
920 601 994 660 pro-

39 674 185 736 bationem
206 677 372 749 Nostram,
395 679 554 753 tamquam
575 676 654 736 Filii
674 679 737 738 Deo
758 695 819 736 uon
841 677 992 754 despecti,

37 786 243 830 exerceamur.

87 865 176 930 Quod
199 864 226 922 si
248 882 309 923 nou
331 863 490 940 peculiare
510 864 662 925 Nostrum
685 864 918 938 tantummodo,
940 866 993 925 sed

36 975 189 1018 commune
211 959 306 1018 etiam
328 959 486 1019 Ecclesiae
506 957 618 1017 bonum
640 958 884 1026 consideremus,
906 960 995 1022 deest

37 1069 67 1110 ne
85 1052 185 1115 Nolis
206 1070 266 1128 quo
287 1054 324 1111 ad
347 1069 400 1112 eas
427 1051 627 1112 calamitates
649 1068 708 1109 non
736 1051 834 1110 solum
857 1052 888 1110 in
910 1053 993 1113 omui

35 1148 203 1221 patientia,
230 1145 458 1206 verumetiam
480 1145 593 1223 gaudio
620 1148 654 1204 et
674 1145 850 1221 gratiarum
872 1147 994 1207 actione

34 1240 226 1301 sustinendas
238 1240 359 1300 animos
371 1241 506 1302 Nostros
517 1239 697 1317 erigamus?
709 1241 776 1300 Nou
789 1240 812 1298 ii
831 1257 886 1299 vos
902 1240 992 1314 estis,

35 1333 233 1394 Venerabiles
259 1334 402 1406 Fratres,
426 1334 479 1409 qui
502 1333 774 1394 docendiaNobis
796 1333 878 1405 sitis,
901 1351 994 1410 quam

34 1428 140 1488 alienis
169 1433 262 1505 atque
297 1430 374 1489 adeo
403 1445 495 1504 quam
523 1425 765 1486 abhorrentibus
793 1426 831 1486 ab
860 1426 995 1485 humana

34 1522 150 1581 ratione
163 1520 313 1591 consiliis,
327 1519 365 1582 ad
378 1520 653 1579 demonstrandam
664 1518 908 1595 omnipotentiae
920 1537 993 1580 suae

34 1615 109 1689 vim,
134 1615 189 1692 qui
217 1614 342 1674 infirma
369 1613 476 1673 mundi
505 1614 614 1691 eligit,
632 1617 667 1673 ut
688 1613 856 1672 confundat
877 1613 991 1688 fortia,

33 1709 198 1769 Ecclesiam
220 1725 306 1767 suam
335 1706 554 1779 constituerit,
578 1723 705 1782 eamque
727 1708 764 1765 ad
788 1707 884 1778 hanc,
901 1725 992 1783 quam

34 1801 192 1872 miramur,
209 1800 447 1876 amplitudinem
468 1799 606 1860 auxerit.
630 1799 725 1859 Scitis
744 1817 817 1859 sane
833 1804 869 1858 ut
882 1818 901 1859 a
915 1801 994 1860 (iru-

34 1911 79 1962 ce,
101 1897 198 1971 atque
220 1911 239 1951 a
267 1892 429 1970 suppliciis
455 1893 567 1966 initia,
584 1911 603 1951 a
623 1892 815 1952 contumelio
837 1892 991 1969 gloriam,

33 1987 65 2046 ab
79 2004 224 2047 errorum
240 1986 379 2046 tenebris
394 1987 506 2061 lucem,
523 1987 561 2046 ab
576 1985 806 2063 oppugnatione
822 1986 993 2045 incremen-

34 2085 79 2153 ta,
101 2101 121 2141 a
142 2080 275 2141 iacturis
297 2099 333 2140 ac
360 2081 498 2141 cladibus
527 2080 734 2141 stabilitatem
763 2097 831 2138 eam
852 2079 994 2139 voluerit

33 2173 160 2245 habere,
178 2179 215 2233 ut
243 2191 409 2250 numquam
432 2192 469 2234 ea
484 2174 584 2251 magis
607 2173 745 2251 gloriosa
765 2172 884 2247 fuerit,
900 2191 993 2249 quam

33 2283 96 2323 cum
119 2266 222 2324 minus
253 2265 422 2342 gloriosam
444 2283 512 2325 eam
540 2267 659 2326 efficere
681 2266 819 2325 homiues
849 2269 922 2325 sunt
942 2283 994 2324 co-

33 2359 107 2432 nati3
124 2376 289 2434 numquam
312 2359 413 2435 magis
435 2377 561 2433 secura,
577 2375 668 2436 quam
690 2377 759 2418 cum
782 2358 994 2419 vehementio-

33 2451 117 2512 ribus
137 2451 390 2529 persecutionum
412 2451 560 2528 procellis
582 2452 788 2529 periculosius
802 2451 865 2512 fuit
878 2453 917 2511 ab
931 2451 994 2510 ini-

33 2548 117 2608 micis
136 2546 199 2606 suis
214 2547 347 2623 agitata.
368 2546 465 2612 Quam
486 2547 524 2605 ob
545 2564 669 2607 causam
691 2546 805 2605 merito
826 2543 992 2607 Noemicae
1086 2597 1093 2608 ,

32 2641 78 2700 illi
98 2643 199 2701 Areae
220 2659 238 2700 a
259 2641 374 2700 sanctis
395 2643 545 2701 Patribus
566 2645 779 2717 comparatur,
796 2657 873 2716 quae
889 2657 926 2698 eo
941 2656 993 2698 se-

32 2737 133 2796 curius
146 2752 240 2812 super
262 2735 480 2812 naufragantis
501 2736 586 2796 orbis
608 2737 690 2796 unda
720 2734 916 2810 assurgebat,
933 2751 992 2810 quo

33 2827 256 2888 lucentioribus
284 2828 433 2887 imbrium
467 2846 502 2888 ac
536 2831 706 2888 ventorum
734 2825 855 2886 viribus
883 2826 991 2895 obrui,

32 2923 226 3000 demergique
248 2921 427 2982 videbatur.
443 2922 551 2984 Nostis
572 2922 669 2981 etiam
684 2920 941 2997 quemadmodum
956 2934 993 2977 ea

32 3016 225 3075 continenter
253 3031 309 3090 per
335 3033 432 3074 annos
461 3019 620 3076 trecentos
648 3017 782 3085 vexata,
803 3011 991 3072 facultatum

33 3109 165 3185 rapinas,
181 3108 399 3182 contumelias,
411 3127 581 3182 carcerem,
598 3111 737 3179 catenas,
751 3107 858 3179 exilia,
871 3124 990 3178 cruces,

32 3204 186 3277 dammas,
219 3201 418 3262 carnificinas
447 3220 616 3280 perpessa,
645 3199 835 3262 Pontificum
863 3199 930 3259 iere
959 3219 994 3259 o-

33 3297 165 3371 mnium,
184 3296 425 3373 Episcoporum,
442 3315 477 3356 ac
499 3299 680 3374 Martyrum
702 3293 897 3354 infinitorum
921 3311 994 3354 sau-

33 3389 121 3464 guine
142 3392 321 3462 cruentata,
338 3389 409 3463 fide,
424 3389 591 3467 patientia,
608 3386 845 3450 mausuetudine
867 3403 923 3446 sua
941 3390 993 3464 ty-

34 3499 196 3545 rannorum
225 3482 448 3543 crudelitatem
481 3481 706 3556 delassaverit,
738 3481 992 3558 superstitionem
