2488 4204
214 310 371 381 traheres,
390 309 429 368 ad
444 325 537 385 qnam
552 312 584 368 te
599 326 801 370 reversurum
816 291 883 367 lore
906 325 1079 384 speramus.
1094 309 1183 370 Nunc

205 406 319 464 'autem
333 403 492 462 occasione
508 406 638 478 arrepta
651 400 744 462 huius
756 400 926 462 familiaris
940 401 1026 460 inter
1038 418 1097 460 nos
1112 419 1182 460 con·

213 495 389 556 suetudinis
406 498 438 555 te
454 495 546 554 enine
559 512 686 555 oramus
697 498 791 571 atque
806 495 1016 567 obsecramus,
1034 498 1070 554 ut
1084 495 1180 554 animi

213 589 325 651 Nostri
346 590 503 665 interpres
522 607 557 648 ao
579 589 671 649 testis
693 589 823 648 effectus
845 587 925 647 velis
947 592 1083 665 augusto
1100 590 1181 665 patri

215 689 270 745 tuo
284 685 416 761 Magnae
437 683 622 744 Britanniae
648 683 717 760 regi
738 683 861 744 illustri
890 683 1044 742 maximas
1065 684 1180 743 Nostro

214 779 338 838 nomine
354 782 461 854 grates
475 779 658 854 rependere,
676 779 743 836 tum
759 779 888 854 propter
901 776 1074 853 hospitium
1092 779 1179 836 tanta

216 890 285 932 oum
307 871 522 932 munificentia
536 871 695 931 exsulibus
711 870 833 948 gallicis
848 871 1071 931 ecclesiasticis
1094 887 1179 946 prae·

215 965 329 1037 bitum,
342 966 453 1024 nedum
466 953 529 1023 'suo
551 965 707 1040 exemplo,
721 964 772 1022 sed
788 963 884 1024 etiam
900 963 999 1040 regiis
1013 961 1177 1040 encyclicis

214 1056 348 1131 litteris,
368 1075 445 1134 quae
460 1055 558 1133 ipsius
573 1075 683 1116 nomen
698 1061 828 1118 aeterna
850 1058 929 1133 apud
957 1060 1101 1134 posteros
1116 1055 1179 1133 glo-

215 1153 267 1214 ria
287 1150 509 1224 cumulabunt3
532 1154 599 1210 tum
621 1155 752 1228 propter
773 1149 904 1227 antiqua
925 1168 1032 1223 onera,
1049 1151 1119 1226 ipso
1138 1149 1178 1208 f-

216 1244 324 1305 liciter
344 1244 543 1320 imperante,
566 1245 730 1306 catholicis
752 1261 878 1306 suarum
902 1244 1057 1303 ditionum
1078 1243 1178 1302 immi-

217 1340 295 1396 nuta
308 1339 364 1397 aut
377 1338 533 1414 adempta3
550 1341 617 1398 tum
632 1339 764 1416 denique
781 1340 911 1416 propter
921 1337 1070 1398 mandata
1085 1354 1179 1413 nuper

217 1430 355 1508 egregiis
374 1430 502 1490 ducibus
522 1431 763 1492 florentissimae
785 1450 859 1492 suae
881 1430 991 1491 classis
1012 1430 1050 1489 ab
1075 1431 1180 1489 eodem

218 1524 291 1584 data
312 1524 349 1583 ad
376 1525 541 1584 arcendam
564 1543 685 1584 omnem
707 1525 855 1585 hostilem
885 1525 950 1583 vim
972 1524 1181 1584 aditionibus

216 1618 361 1691 Nostris,
384 1622 417 1677 et
441 1618 479 1678 ab
500 1618 573 1678 aliis
595 1619 707 1679 Italiae
734 1619 929 1696 regionibus.
953 1619 1036 1684 Quae
1058 1618 1181 1694 quidem

217 1730 268 1772 res
290 1712 374 1772 tanti
402 1715 482 1789 apud
504 1713 569 1773 Nos
596 1716 687 1786 sunt,
719 1715 754 1773 ut
775 1713 924 1789 quidquid
947 1710 1108 1772 Oelsitudo
1129 1715 1183 1770 tua

219 1805 338 1865 dixerit
359 1806 397 1865 ad
422 1808 556 1868 Nostros
585 1807 670 1884 grati
691 1805 788 1866 animi
810 1823 918 1866 sensus
934 1804 1180 1882 patefaciendus,

177 1893 179 1902 ’
218 1901 248 1959 id
271 1918 361 1959 omne
389 1901 492 1961 minus
512 1920 589 1961 vero
611 1902 755 1963 futurum
777 1901 841 1973 sit3
864 1919 900 1960 eo
922 1900 974 1960 vol
996 1899 1133 1960 maxime
1155 1898 1180 1956 si

219 1999 252 2054 te
266 1996 323 2054 hoc
334 2013 462 2054 munere
478 1997 601 2057 Nostris
613 1997 718 2055 verbis
733 1995 922 2072 defungente
940 1996 1108 2070 augeatur,
1118 1991 1182 2050 vel·

219 2088 267 2173 nti
290 2093 377 2148 certo
398 2108 559 2166 speramus
574 2091 729 2163 futurum,
742 2089 871 2166 egregia
885 2089 1035 2148 voluntas
1048 2088 1181 2163 Magnae

218 2183 404 2244 Britanniae
427 2185 511 2262 regis
531 2185 669 2245 illustris
690 2201 767 2260 erga
788 2181 931 2242 infelices
952 2179 1181 2240 ecclesiasticos

218 2279 310 2354 regni
331 2278 518 2351 Galliarum,
545 2282 578 2338 et
598 2296 674 2354 erga
694 2276 865 2336 catholicos
887 2293 957 2334 cum
977 2275 1115 2335 Nostrae
1139 2271 1182 2329 di-

220 2371 328 2444 tionis,
349 2374 416 2430 tum
432 2372 545 2432 Italiae
568 2371 745 2430 uniuersae.
762 2369 841 2429 Hinc
864 2386 900 2427 eo
923 2365 1035 2427 maiori
1057 2370 1182 2442 reputa-

142 2527 145 2534 *
218 2465 321 2525 bimus
341 2467 405 2526 Nos
427 2465 530 2525 teneri
552 2464 719 2523 officiorum
741 2481 817 2540 erga
839 2464 870 2522 te
894 2461 1035 2531 vinculo,
1050 2475 1180 2534 quorum

219 2577 312 2622 causa
326 2577 492 2636 numquam
507 2561 571 2620 Nos
592 2557 748 2618 deerimus
766 2573 911 2617 unacum
935 2553 1119 2612 memoratis
1134 2569 1181 2610 ec-

219 2653 403 2714 clesiasticis
424 2656 457 2711 et
478 2652 655 2726 catholicis,
677 2669 793 2729 rogare
813 2653 910 2710 Deum
932 2647 1091 2724 Optimum
1113 2645 1182 2704 Ma·

218 2747 338 2806 ximum
366 2762 421 2823 pro
450 2745 669 2806 incolumitate
695 2747 789 2820 atque
819 2741 976 2801 felicitate
1005 2737 1179 2798 Maiestatis

219 2844 305 2913 tuae,
326 2843 399 2898 tuae
420 2837 634 2911 Oelsitudinis‚
655 2836 815 2913 totiusque
830 2835 936 2912 regiae
951 2833 1102 2894 familiae.

280 2937 394 2994 Datum
409 2934 540 3005 Romae,
556 2932 604 2992 die
619 2935 649 2993 II
664 2931 857 3008 Septembris
872 2929 1092 2999 MDOGXOIIL
1105 2927 1180 2985 Pon·

220 3029 361 3089 tifioatns
381 3025 492 3087 Nostri
512 3045 592 3086 anno
613 3028 699 3086 XIX.
747 3025 750 3032 '

595 3315 806 3372 -ἓῆἳὲῑ-ὂ-
