2424 4196
407 233 585 293 -111-

30 342 88 400 dem
109 340 279 402 sanctitati
299 342 381 400 Suae
396 341 575 417 propositis,
587 361 719 418 quorum
734 345 897 422 exemplar
911 346 980 406 haic

31 435 176 508 adiicitur,
201 438 238 496 ut
259 452 387 494 normae
410 435 463 494 sit.

76 534 103 592 2.
127 534 161 592 In
185 531 319 592 secunda
333 531 475 606 petitur,
493 535 528 590 ut
542 531 655 608 regula
668 532 898 594 determinetur
913 552 981 594 ser·

30 627 115 686 vanda
135 627 237 702 quoad
259 624 497 684 Ecclesiasticus
518 625 696 687 schismatis
716 643 797 688 reos.

75 723 111 781 R.
135 720 261 797 Regula
282 720 345 780 ista
366 718 428 778 iam
451 718 571 778 tradita
591 718 654 778 fuit
674 738 693 781 a
714 721 892 782 Sanctitate
915 723 980 783 Sua

24 814 203 890 Apostolicis
224 812 360 874 Litteris
382 812 415 872 in
436 811 536 872 forma
555 811 668 872 Brevis
690 813 791 874 editis·
807 815 914 875 diebus
941 816 979 878 19

25 909 123 968 Martii
146 925 182 968 ac
206 908 243 967 13
264 906 348 966 lunii
369 925 420 967 an.
445 907 535 979 1792,
557 923 688 982 quornm
710 909 885 986 exemplum
901 909 980 970 adii·
1042 921 1077 988 χ

23 1002 112 1076 citur;
128 1001 331 1079 quamobrem
346 1002 383 1061 ad
398 1016 537 1060 errorem
554 1000 718 1060 vitandum
735 1007 917 1063 neeesseest
928 1021 977 1079 ea,

23 1113 90 1171 quae
111 1096 143 1155 in
167 1093 338 1173 praedictis
351 1092 543 1170 Apostolicis
557 1093 693 1154 Litteris
708 1095 830 1157 tradita
844 1109 918 1158 suut
932 1097 980 1157 in·

23 1191 102 1266 tegre
123 1205 265 1249 servare.
280 1187 314 1247 Si
335 1189 399 1248 Deo
414 1187 571 1263 placuerit
586 1187 684 1266 (quod
708 1190 912 1250 vehementer
927 1194 980 1251 de·

21 1284 202 1360 adoratur),
231 1282 363 1342 afflictae
385 1283 562 1342 Galliarum
585 1283 742 1345 Ecclesiae
771 1301 878 1361 pacem
909 1287 979 1346 red-

21 1377 93 1449 dere,
108 1376 236 1437 curabit
250 1375 410 1435 Sanctitas
425 1377 500 1448 Sua,
517 1375 589 1435 illas
604 1376 764 1453 Episcopis
780 1379 908 1455 regulas
925 1380 979 1438 da·

23 1487 61 1542 ra,
82 1489 159 1548 quas
180 1470 281 1546 magis
306 1472 499 1546 opportunas
520 1469 726 1531 existimabit.

69 1564 151 1624 3.1n
170 1562 267 1622 tertio
283 1561 443 1638 postulato
461 1562 639 1639 quaeritur,
658 1569 766 1622 utrum
785 1565 916 1640 propter
927 1565 978 1624 lu·

21 1656 224 1716 ctuosissimas
245 1655 498 1714 circumstantias
520 1655 551 1713 in
566 1655 718 1715 Memoria
732 1673 911 1733 expressas,
928 1675 978 1718 sa-

21 1752 155 1810 cerdotes
185 1748 307 1826 probati
335 1750 373 1810 ad
395 1747 602 1808 confessiones
624 1752 868 1810 sacramentales
893 1751 979 1812 exci-

21 1843 140 1918 piendas
152 1847 186 1903 et
203 1844 240 1902 ad
255 1843 467 1903 ministerium
482 1845 690 1903 exercendum
706 1843 739 1904 in
755 1863 816 1906 una
830 1844 976 1922 dioecesi,

20 1939 132 2012 possint
153 1939 230 1996 haec
252 1937 358 1996 eadem
381 1952 532 2013 peragere
551 1937 584 1996 in
605 1936 679 1998 elia.
831 2011 833 2018 Ι

69 2035 108 2093 R.
133 2030 204 2091 Etsi
226 2030 394 2090 memorati
416 2033 593 2092 sacerdotes
613 2033 652 2091 dc
673 2033 745 2094 iare
768 2037 922 2110 nequeant
943 2035 975 2094 iu

19 2123 73 2184 alia
97 2122 234 2182 dioecesi
256 2121 468 2199 poenitentiae
491 2128 719 2184 sacramentum
732 2126 975 2200 administrare,

18 2217 210 2277 nihilominus
240 2216 400 2276 Sanctitas
422 2217 504 2290 Sua,
520 2219 682 2295 perpensis
703 2220 892 2297 supradietis
913 2222 977 2282 cir·

19 2309 207 2371 cnmstantiis
230 2326 305 2367 vere
334 2309 554 2385 deplorandis,
578 2313 667 2372 vobis
697 2313 866 2391 indulget,
894 2316 976 2379 illud

19 2407 152 2479 probare,
177 2407 215 2465 ut
234 2407 379 2467 sacerdos
400 2405 432 2464 in
449 2425 510 2468 una
524 2408 657 2468 dioecesi
672 2411 863 2486 approbatus
877 2413 978 2489 possit

20 2498 255 2559 sacramentales
269 2498 480 2560 confessiones
495 2501 527 2559 in
543 2501 608 2561 alla
625 2505 790 2580 excipere,
812 2506 976 2567 dummodo

19 2607 108 2669 neque
125 2593 251 2654 iuratus
267 2592 322 2668 sit,
339 2611 437 2671 neque
460 2594 527 2656 ulla
541 2595 652 2672 quavis
673 2598 797 2658 ratione
813 2595 977 2660 schismati

21 2684 194 2746 adhaereat.

70 2781 99 2837 t.
123 2777 255 2839 Petitur
275 2782 389 2855 quarto
410 2780 489 2854 loco,
505 2783 542 2841 ut
556 2781 716 2842 Sanctitas
730 2785 795 2844 Sua
813 2785 975 2847 vicarium

21 2873 184 2932 constituat
205 2888 263 2948 pro
286 2873 434 2934 universa
455 2875 560 2936 Gallia
572 2878 756 2953 opportunis
771 2879 975 2940 facultatibus

20 2965 199 3040 praeditum,
223 2983 302 3043 quae
323 2968 540 3043 perdurabunt
560 2971 655 3030 donec
670 2971 730 3048 ipsi
744 2972 887 3049 Episcopi
904 2991 975 3033 suos

20 3055 153 3120 Vicarios
175 3060 386 3122 constituant:
411 3081 478 3122 cum
501 3064 584 3125 enim
606 3065 745 3142 legitimi
766 3070 909 3142 pastores
923 3070 977 3128 de·

14 3147 83 3226 sint,
105 3153 195 3214 nulla
217 3171 287 3213 eum
309 3153 386 3232 ipsis
408 3155 518 3216 haberi
540 3161 645 3235 potest
665 3159 919 3222 communicatio.

69 3249 107 3307 R.
130 3246 262 3318 Omissa,
287 3264 359 3307 num
381 3250 529 3327 expediat
543 3270 582 3310 an
599 3270 672 3326 non,
689 3252 896 3314 aSanetitate
911 3255 976 3316 Sua

20 3335 155 3417 deputari
171 3341 333 3404 Viearium
347 3344 564 3419 Apostolieum
580 3363 636 3424 pro
648 3347 765 3420 Gallia,
777 3365 899 3409 necesse
912 3354 973 3426 est,

19 3437 120 3493 auctor
141 3433 319 3495 Memoriae
340 3435 479 3513 praecise
501 3437 671 3514 significet,
694 3459 773 3517 quae
789 3441 854 3503 siut
867 3444 975 3506 Eccle-

19 3520 74 3584 siae
88 3526 242 3604 legitimis
256 3529 434 3606 pastoribus
449 3530 635 3606 destitutam
651 3538 688 3593 ut
701 3551 737 3594 re
752 3536 880 3613 cognita
895 3539 973 3598 San·
