<?xml version="1.0" encoding="UTF-8"?>
<!DOCTYPE html PUBLIC "-//W3C//DTD XHTML 1.0 Transitional//EN"
    "http://www.w3.org/TR/xhtml1/DTD/xhtml1-transitional.dtd">
<html xmlns="http://www.w3.org/1999/xhtml" xml:lang="en" lang="en">
 <head>
  <title>
</title>
<meta http-equiv="Content-Type" content="text/html;charset=utf-8" />
  <meta name='ocr-system' content='tesseract 3.04.00' />
  <meta name='ocr-capabilities' content='ocr_page ocr_carea ocr_par ocr_line ocrx_word'/>
</head>
<body>
  <div class='ocr_page' id='page_1' title='image "./piivipontmaxact01piusgoog_0096.png"; bbox 0 0 2424 4196; ppageno 0'>
   <div class='ocr_carea' id='block_1_1' title="bbox 229 323 1202 2745">
    <p class='ocr_par' dir='ltr' id='par_1_1' title="bbox 234 323 1174 402">
     <span class='ocr_line' id='line_1_1' title="bbox 234 323 1174 402; baseline -0.002 -18"><span class='ocrx_word' id='word_1_1' title='bbox 234 323 426 384; x_wconf 78' lang='lat' dir='ltr'><strong>dioecesibus</strong></span> <span class='ocrx_word' id='word_1_2' title='bbox 442 325 568 384; x_wconf 87' lang='lat' dir='ltr'><strong>habere.</strong></span> <span class='ocrx_word' id='word_1_3' title='bbox 584 327 631 386; x_wconf 89' lang='lat' dir='ltr'><strong>Ne</strong></span> <span class='ocrx_word' id='word_1_4' title='bbox 646 328 751 386; x_wconf 89' lang='lat' dir='ltr'><strong>autem</strong></span> <span class='ocrx_word' id='word_1_5' title='bbox 767 328 895 402; x_wconf 87' lang='lat' dir='ltr'><strong>propter</strong></span> <span class='ocrx_word' id='word_1_6' title='bbox 906 325 1110 386; x_wconf 85' lang='lat' dir='ltr'><strong>deficientiam</strong></span> <span class='ocrx_word' id='word_1_7' title='bbox 1121 343 1174 384; x_wconf 89' lang='lat' dir='ltr'><strong>san·</strong></span> 
     </span>
    </p>

    <p class='ocr_par' dir='ltr' id='par_1_2' title="bbox 229 418 1175 496">
     <span class='ocr_line' id='line_1_2' title="bbox 229 418 1175 496; baseline -0.003 -16"><span class='ocrx_word' id='word_1_8' title='bbox 229 419 279 480; x_wconf 77' lang='lat' dir='ltr'><strong>en</strong></span> <span class='ocrx_word' id='word_1_9' title='bbox 300 419 493 490; x_wconf 87' lang='lat' dir='ltr'><strong>chrismatis,</strong></span> <span class='ocrx_word' id='word_1_10' title='bbox 508 424 542 479; x_wconf 90' lang='lat' dir='ltr'><strong>et</strong></span> <span class='ocrx_word' id='word_1_11' title='bbox 563 420 625 480; x_wconf 90' lang='lat' dir='ltr'><strong>olei</strong></span> <span class='ocrx_word' id='word_1_12' title='bbox 646 420 843 480; x_wconf 86' lang='lat' dir='ltr'><strong>intirmorum</strong></span> <span class='ocrx_word' id='word_1_13' title='bbox 865 438 973 480; x_wconf 85' lang='lat' dir='ltr'><strong>carere</strong></span> <span class='ocrx_word' id='word_1_14' title='bbox 995 418 1175 496; x_wconf 86' lang='lat' dir='ltr'><strong>coganturi·</strong></span> 
     </span>
    </p>

    <p class='ocr_par' dir='ltr' id='par_1_3' title="bbox 234 515 1195 684">
     <span class='ocr_line' id='line_1_3' title="bbox 234 515 1195 589; baseline -0.006 -13"><span class='ocrx_word' id='word_1_15' title='bbox 234 515 321 576; x_wconf 86' lang='lat' dir='ltr'><strong>deles</strong></span> <span class='ocrx_word' id='word_1_16' title='bbox 341 515 554 576; x_wconf 88' lang='lat' dir='ltr'><strong>Sacramentis</strong></span> <span class='ocrx_word' id='word_1_17' title='bbox 576 519 644 574; x_wconf 89' lang='lat' dir='ltr'><strong>tum</strong></span> <span class='ocrx_word' id='word_1_18' title='bbox 665 515 932 589; x_wconf 86' lang='lat' dir='ltr'><strong>confirmationis,</strong></span> <span class='ocrx_word' id='word_1_19' title='bbox 948 517 1017 574; x_wconf 93' lang='lat' dir='ltr'><strong>tum</strong></span> <span class='ocrx_word' id='word_1_20' title='bbox 1038 519 1195 574; x_wconf 64' lang='lat' dir='ltr'><strong>extremae,</strong></span> 
     </span>
     <span class='ocr_line' id='line_1_4' title="bbox 235 608 1175 684; baseline -0.004 -14"><span class='ocrx_word' id='word_1_21' title='bbox 235 608 406 680; x_wconf 87' lang='lat' dir='ltr'><strong>unctionis,</strong></span> <span class='ocrx_word' id='word_1_22' title='bbox 422 611 631 684; x_wconf 90' lang='lat' dir='ltr'><strong>opportunum</strong></span> <span class='ocrx_word' id='word_1_23' title='bbox 645 609 746 670; x_wconf 85' lang='lat' dir='ltr'><strong>visum</strong></span> <span class='ocrx_word' id='word_1_24' title='bbox 761 613 812 668; x_wconf 89' lang='lat' dir='ltr'><strong>cst</strong></span> <span class='ocrx_word' id='word_1_25' title='bbox 826 627 952 668; x_wconf 89' lang='lat' dir='ltr'><strong>mouere</strong></span> <span class='ocrx_word' id='word_1_26' title='bbox 963 609 1121 668; x_wconf 89' lang='lat' dir='ltr'><strong>Vicarium</strong></span> <span class='ocrx_word' id='word_1_27' title='bbox 1132 608 1175 665; x_wconf 76' lang='lat' dir='ltr'><strong>aa</strong></span> 
     </span>
    </p>

    <p class='ocr_par' dir='ltr' id='par_1_4' title="bbox 235 699 1176 780">
     <span class='ocr_line' id='line_1_5' title="bbox 235 699 1176 780; baseline -0.006 -16"><span class='ocrx_word' id='word_1_28' title='bbox 235 704 374 764; x_wconf 89' lang='lat' dir='ltr'><strong>nereiem</strong></span> <span class='ocrx_word' id='word_1_29' title='bbox 396 706 620 779; x_wconf 80' lang='lat' dir='ltr'>proponentem</span> <span class='ocrx_word' id='word_1_30' title='bbox 642 704 821 764; x_wconf 89' lang='lat' dir='ltr'><strong>huiusmodi</strong></span> <span class='ocrx_word' id='word_1_31' title='bbox 843 703 1047 780; x_wconf 77' lang='lat' dir='ltr'><strong>petitionem,</strong></span> <span class='ocrx_word' id='word_1_32' title='bbox 1063 699 1176 761; x_wconf 81' lang='lat' dir='ltr'><strong>muneris</strong></span> 
     </span>
    </p>

    <p class='ocr_par' dir='ltr' id='par_1_5' title="bbox 235 790 1174 874">
     <span class='ocr_line' id='line_1_6' title="bbox 235 790 1174 874; baseline -0.006 -18"><span class='ocrx_word' id='word_1_33' title='bbox 235 795 284 856; x_wconf 86' lang='lat' dir='ltr'><strong>sui</strong></span> <span class='ocrx_word' id='word_1_34' title='bbox 299 814 364 856; x_wconf 90' lang='lat' dir='ltr'><strong>esse</strong></span> <span class='ocrx_word' id='word_1_35' title='bbox 380 794 619 856; x_wconf 86' lang='lat' dir='ltr'><strong>luctuosissimis</strong></span> <span class='ocrx_word' id='word_1_36' title='bbox 633 796 720 856; x_wconf 88' lang='lat' dir='ltr'><strong>hisce</strong></span> <span class='ocrx_word' id='word_1_37' title='bbox 742 797 938 874; x_wconf 81' lang='lat' dir='ltr'><strong>temporibus</strong></span> <span class='ocrx_word' id='word_1_38' title='bbox 952 814 1081 867; x_wconf 87' lang='lat' dir='ltr'><strong>curare,</strong></span> <span class='ocrx_word' id='word_1_39' title='bbox 1097 798 1128 854; x_wconf 90' lang='lat' dir='ltr'><strong>ut</strong></span> <span class='ocrx_word' id='word_1_40' title='bbox 1140 790 1174 852; x_wconf 80' lang='lat' dir='ltr'><strong>vei</strong></span> 
     </span>
    </p>

    <p class='ocr_par' dir='ltr' id='par_1_6' title="bbox 235 825 1197 1153">
     <span class='ocr_line' id='line_1_7' title="bbox 235 888 1175 967; baseline -0.004 -18"><span class='ocrx_word' id='word_1_41' title='bbox 235 908 276 949; x_wconf 83' lang='lat' dir='ltr'><strong>ex</strong></span> <span class='ocrx_word' id='word_1_42' title='bbox 290 888 454 966; x_wconf 65' lang='lat' dir='ltr'><strong>proximis</strong></span> <span class='ocrx_word' id='word_1_43' title='bbox 471 888 523 948; x_wconf 85' lang='lat' dir='ltr'><strong>vel</strong></span> <span class='ocrx_word' id='word_1_44' title='bbox 538 889 651 948; x_wconf 89' lang='lat' dir='ltr'><strong>saltem</strong></span> <span class='ocrx_word' id='word_1_45' title='bbox 666 907 706 948; x_wconf 84' lang='lat' dir='ltr'><strong>ex</strong></span> <span class='ocrx_word' id='word_1_46' title='bbox 721 891 852 950; x_wconf 87' lang='lat' dir='ltr'><strong>remotis</strong></span> <span class='ocrx_word' id='word_1_47' title='bbox 867 890 1049 967; x_wconf 87' lang='lat' dir='ltr'><strong>regionibus</strong></span> <span class='ocrx_word' id='word_1_48' title='bbox 1069 889 1101 946; x_wconf 91' lang='lat' dir='ltr'><strong>in</strong></span> <span class='ocrx_word' id='word_1_49' title='bbox 1114 888 1175 946; x_wconf 83' lang='lat' dir='ltr'><strong>dioc·</strong></span> 
     </span>
     <span class='ocr_line' id='line_1_8' title="bbox 236 973 1197 1059; baseline -0.006 -17"><span class='ocrx_word' id='word_1_50' title='bbox 236 983 345 1054; x_wconf 87' lang='lat' dir='ltr'><strong>casim,</strong></span> <span class='ocrx_word' id='word_1_51' title='bbox 361 983 392 1040; x_wconf 94' lang='lat' dir='ltr'><strong>in</strong></span> <span class='ocrx_word' id='word_1_52' title='bbox 414 999 475 1058; x_wconf 91' lang='lat' dir='ltr'><strong>qua</strong></span> <span class='ocrx_word' id='word_1_53' title='bbox 497 981 564 1057; x_wconf 89' lang='lat' dir='ltr'><strong>ipse</strong></span> <span class='ocrx_word' id='word_1_54' title='bbox 592 983 783 1059; x_wconf 88' lang='lat' dir='ltr'><strong>fungebatur</strong></span> <span class='ocrx_word' id='word_1_55' title='bbox 805 1001 933 1043; x_wconf 89' lang='lat' dir='ltr'><strong>munere</strong></span> <span class='ocrx_word' id='word_1_56' title='bbox 956 983 1078 1043; x_wconf 83' lang='lat' dir='ltr'><strong>vicarii</strong></span> <span class='ocrx_word' id='word_1_57' title='bbox 1098 983 1174 1040; x_wconf 80' lang='lat' dir='ltr'><strong>Gene-</strong></span> <span class='ocrx_word' id='word_1_58' title='bbox 1196 973 1197 1048; x_wconf 75' lang='lat' dir='ltr'><strong>i</strong></span> 
     </span>
     <span class='ocr_line' id='line_1_9' title="bbox 236 1072 1176 1153; baseline -0.009 -16"><span class='ocrx_word' id='word_1_59' title='bbox 236 1077 327 1148; x_wconf 88' lang='lat' dir='ltr'><strong>ralis,</strong></span> <span class='ocrx_word' id='word_1_60' title='bbox 351 1075 582 1136; x_wconf 73' lang='lat' dir='ltr'><strong>transferretur</strong></span> <span class='ocrx_word' id='word_1_61' title='bbox 603 1076 698 1136; x_wconf 88' lang='lat' dir='ltr'><strong>citius</strong></span> <span class='ocrx_word' id='word_1_62' title='bbox 719 1095 755 1136; x_wconf 90' lang='lat' dir='ltr'><strong>ac</strong></span> <span class='ocrx_word' id='word_1_63' title='bbox 771 1077 840 1136; x_wconf 86' lang='lat' dir='ltr'><strong>fleri</strong></span> <span class='ocrx_word' id='word_1_64' title='bbox 862 1079 968 1153; x_wconf 87' lang='lat' dir='ltr'><strong>posset</strong></span> <span class='ocrx_word' id='word_1_65' title='bbox 990 1076 1094 1136; x_wconf 90' lang='lat' dir='ltr'><strong>oleum</strong></span> <span class='ocrx_word' id='word_1_66' title='bbox 1113 1072 1176 1132; x_wconf 89' lang='lat' dir='ltr'><strong>inir-</strong></span> 
     </span>
    </p>

    <p class='ocr_par' dir='ltr' id='par_1_7' title="bbox 238 1170 1176 1247">
     <span class='ocr_line' id='line_1_10' title="bbox 238 1170 1176 1247; baseline -0.005 -17"><span class='ocrx_word' id='word_1_67' title='bbox 238 1187 374 1242; x_wconf 90' lang='lat' dir='ltr'><strong>morum‚</strong></span> <span class='ocrx_word' id='word_1_68' title='bbox 389 1172 424 1230; x_wconf 89' lang='lat' dir='ltr'><strong>et</strong></span> <span class='ocrx_word' id='word_1_69' title='bbox 442 1175 583 1229; x_wconf 88' lang='lat' dir='ltr'><strong>sanctum</strong></span> <span class='ocrx_word' id='word_1_70' title='bbox 605 1171 754 1231; x_wconf 88' lang='lat' dir='ltr'><strong>chrisma:</strong></span> <span class='ocrx_word' id='word_1_71' title='bbox 770 1172 851 1247; x_wconf 89' lang='lat' dir='ltr'><strong>quod</strong></span> <span class='ocrx_word' id='word_1_72' title='bbox 874 1170 1013 1246; x_wconf 87' lang='lat' dir='ltr'><strong>profecto</strong></span> <span class='ocrx_word' id='word_1_73' title='bbox 1028 1170 1176 1247; x_wconf 86' lang='lat' dir='ltr'><strong>deprehen·</strong></span> 
     </span>
    </p>

    <p class='ocr_par' dir='ltr' id='par_1_8' title="bbox 238 1262 1176 1337">
     <span class='ocr_line' id='line_1_11' title="bbox 238 1262 1176 1337; baseline -0.004 -15"><span class='ocrx_word' id='word_1_74' title='bbox 238 1281 307 1322; x_wconf 89' lang='lat' dir='ltr'><strong>sum</strong></span> <span class='ocrx_word' id='word_1_75' title='bbox 322 1262 384 1322; x_wconf 86' lang='lat' dir='ltr'><strong>init</strong></span> <span class='ocrx_word' id='word_1_76' title='bbox 399 1280 459 1321; x_wconf 91' lang='lat' dir='ltr'><strong>uon</strong></span> <span class='ocrx_word' id='word_1_77' title='bbox 475 1281 542 1322; x_wconf 88' lang='lat' dir='ltr'><strong>esse</strong></span> <span class='ocrx_word' id='word_1_78' title='bbox 556 1262 692 1337; x_wconf 89' lang='lat' dir='ltr'><strong>difficile,</strong></span> <span class='ocrx_word' id='word_1_79' title='bbox 710 1264 736 1324; x_wconf 86' lang='lat' dir='ltr'><strong>si</strong></span> <span class='ocrx_word' id='word_1_80' title='bbox 759 1265 865 1324; x_wconf 89' lang='lat' dir='ltr'><strong>debita</strong></span> <span class='ocrx_word' id='word_1_81' title='bbox 879 1281 949 1324; x_wconf 89' lang='lat' dir='ltr'><strong>cum</strong></span> <span class='ocrx_word' id='word_1_82' title='bbox 962 1265 1108 1324; x_wconf 87' lang='lat' dir='ltr'><strong>cautione</strong></span> <span class='ocrx_word' id='word_1_83' title='bbox 1120 1262 1176 1320; x_wconf 81' lang='lat' dir='ltr'><strong>oleo</strong></span> 
     </span>
    </p>

    <p class='ocr_par' dir='ltr' id='par_1_9' title="bbox 237 1355 1176 1432">
     <span class='ocr_line' id='line_1_12' title="bbox 237 1355 1176 1432; baseline -0.006 -16"><span class='ocrx_word' id='word_1_84' title='bbox 237 1374 308 1416; x_wconf 89' lang='lat' dir='ltr'><strong>rum</strong></span> <span class='ocrx_word' id='word_1_85' title='bbox 331 1357 559 1432; x_wconf 78' lang='lat' dir='ltr'><strong>transportatio</strong></span> <span class='ocrx_word' id='word_1_86' title='bbox 582 1361 799 1432; x_wconf 81' lang='lat' dir='ltr'><strong>perageretur.</strong></span> <span class='ocrx_word' id='word_1_87' title='bbox 820 1356 863 1416; x_wconf 89' lang='lat' dir='ltr'><strong>Iis</strong></span> <span class='ocrx_word' id='word_1_88' title='bbox 884 1363 990 1417; x_wconf 88' lang='lat' dir='ltr'><strong>autem</strong></span> <span class='ocrx_word' id='word_1_89' title='bbox 1011 1355 1136 1419; x_wconf 86' lang='lat' dir='ltr'><strong>habitis.</strong></span> <span class='ocrx_word' id='word_1_90' title='bbox 1152 1369 1176 1410; x_wconf 90' lang='lat' dir='ltr'><strong>ne</strong></span> 
     </span>
    </p>

    <p class='ocr_par' dir='ltr' id='par_1_10' title="bbox 239 1448 1176 1527">
     <span class='ocr_line' id='line_1_13' title="bbox 239 1448 1176 1527; baseline -0.005 -16"><span class='ocrx_word' id='word_1_91' title='bbox 239 1453 273 1512; x_wconf 92' lang='lat' dir='ltr'><strong>in</strong></span> <span class='ocrx_word' id='word_1_92' title='bbox 294 1455 455 1527; x_wconf 84' lang='lat' dir='ltr'><strong>posterum</strong></span> <span class='ocrx_word' id='word_1_93' title='bbox 477 1448 666 1522; x_wconf 87' lang='lat' dir='ltr'><strong>deficerent,</strong></span> <span class='ocrx_word' id='word_1_94' title='bbox 688 1449 882 1509; x_wconf 88' lang='lat' dir='ltr'><strong>insinuatum</strong></span> <span class='ocrx_word' id='word_1_95' title='bbox 911 1450 942 1510; x_wconf 91' lang='lat' dir='ltr'><strong>ei</strong></span> <span class='ocrx_word' id='word_1_96' title='bbox 963 1450 1050 1522; x_wconf 87' lang='lat' dir='ltr'><strong>iuit,</strong></span> <span class='ocrx_word' id='word_1_97' title='bbox 1074 1456 1109 1509; x_wconf 92' lang='lat' dir='ltr'><strong>ut</strong></span> <span class='ocrx_word' id='word_1_98' title='bbox 1126 1463 1176 1525; x_wconf 86' lang='lat' dir='ltr'><strong>pree</strong></span> 
     </span>
    </p>

    <p class='ocr_par' dir='ltr' id='par_1_11' title="bbox 238 1543 1177 1620">
     <span class='ocr_line' id='line_1_14' title="bbox 238 1543 1177 1620; baseline -0.006 -16"><span class='ocrx_word' id='word_1_99' title='bbox 238 1545 337 1604; x_wconf 89' lang='lat' dir='ltr'><strong>oculis</strong></span> <span class='ocrx_word' id='word_1_100' title='bbox 359 1544 490 1603; x_wconf 92' lang='lat' dir='ltr'><strong>baberet</strong></span> <span class='ocrx_word' id='word_1_101' title='bbox 505 1543 659 1620; x_wconf 88' lang='lat' dir='ltr'><strong>regulam,</strong></span> <span class='ocrx_word' id='word_1_102' title='bbox 675 1561 753 1618; x_wconf 89' lang='lat' dir='ltr'><strong>quae</strong></span> <span class='ocrx_word' id='word_1_103' title='bbox 769 1544 800 1603; x_wconf 90' lang='lat' dir='ltr'><strong>iu</strong></span> <span class='ocrx_word' id='word_1_104' title='bbox 815 1544 939 1604; x_wconf 80' lang='lat' dir='ltr'><strong>RituaIi</strong></span> <span class='ocrx_word' id='word_1_105' title='bbox 953 1545 1098 1604; x_wconf 83' lang='lat' dir='ltr'><strong>Romano</strong></span> <span class='ocrx_word' id='word_1_106' title='bbox 1113 1557 1177 1619; x_wconf 84' lang='lat' dir='ltr'><strong>prae·</strong></span> 
     </span>
    </p>

    <p class='ocr_par' dir='ltr' id='par_1_12' title="bbox 241 1637 1178 1715">
     <span class='ocr_line' id='line_1_15' title="bbox 241 1637 1178 1715; baseline -0.011 -14"><span class='ocrx_word' id='word_1_107' title='bbox 241 1640 395 1702; x_wconf 89' lang='lat' dir='ltr'><strong>scribitur</strong></span> <span class='ocrx_word' id='word_1_108' title='bbox 413 1639 478 1698; x_wconf 79' lang='lat' dir='ltr'><strong>Tit.</strong></span> <span class='ocrx_word' id='word_1_109' title='bbox 487 1637 520 1696; x_wconf 89' lang='lat'><strong>2.</strong></span> <span class='ocrx_word' id='word_1_110' title='bbox 534 1656 606 1714; x_wconf 84' lang='lat' dir='ltr'><strong>cap.</strong></span> <span class='ocrx_word' id='word_1_111' title='bbox 618 1639 648 1699; x_wconf 91' lang='lat'><strong>1.</strong></span> <span class='ocrx_word' id='word_1_112' title='bbox 658 1641 688 1715; x_wconf 72' lang='lat'><strong>§-</strong></span> <span class='ocrx_word' id='word_1_113' title='bbox 700 1638 755 1696; x_wconf 85' lang='lat'><strong><em>23.-</em></strong></span> <span class='ocrx_word' id='word_1_114' title='bbox 770 1639 805 1698; x_wconf 84' lang='lat' dir='ltr'><strong>Si</strong></span> <span class='ocrx_word' id='word_1_115' title='bbox 820 1639 951 1698; x_wconf 89' lang='lat' dir='ltr'><strong>deiicere</strong></span> <span class='ocrx_word' id='word_1_116' title='bbox 966 1639 1134 1698; x_wconf 87' lang='lat' dir='ltr'><strong>videantur</strong></span> <span class='ocrx_word' id='word_1_117' title='bbox 1145 1651 1178 1693; x_wconf 80' lang='lat' dir='ltr'><strong>ve</strong></span> 
     </span>
    </p>

    <p class='ocr_par' dir='ltr' id='par_1_13' title="bbox 237 1727 1178 1807">
     <span class='ocr_line' id='line_1_16' title="bbox 237 1727 1178 1807; baseline -0.014 -10"><span class='ocrx_word' id='word_1_118' title='bbox 237 1739 309 1798; x_wconf 84' lang='lat' dir='ltr'><strong>tera</strong></span> <span class='ocrx_word' id='word_1_119' title='bbox 331 1736 418 1807; x_wconf 89' lang='lat' dir='ltr'><strong>olea,</strong></span> <span class='ocrx_word' id='word_1_120' title='bbox 441 1738 475 1794; x_wconf 91' lang='lat' dir='ltr'><strong>et</strong></span> <span class='ocrx_word' id='word_1_121' title='bbox 495 1735 649 1805; x_wconf 82' lang='lat' dir='ltr'><strong>chrisme,</strong></span> <span class='ocrx_word' id='word_1_122' title='bbox 670 1737 727 1793; x_wconf 90' lang='lat' dir='ltr'><strong>aut</strong></span> <span class='ocrx_word' id='word_1_123' title='bbox 747 1735 850 1793; x_wconf 90' lang='lat' dir='ltr'><strong>oleum</strong></span> <span class='ocrx_word' id='word_1_124' title='bbox 873 1734 1075 1794; x_wconf 88' lang='lat' dir='ltr'><strong>benedictum</strong></span> <span class='ocrx_word' id='word_1_125' title='bbox 1096 1727 1178 1792; x_wconf 87' lang='lat' dir='ltr'><strong>baberi</strong></span> 
     </span>
    </p>

    <p class='ocr_par' dir='ltr' id='par_1_14' title="bbox 238 1823 1200 1999">
     <span class='ocr_line' id='line_1_17' title="bbox 239 1823 1200 1906; baseline -0.004 -20"><span class='ocrx_word' id='word_1_126' title='bbox 239 1846 298 1887; x_wconf 90' lang='lat' dir='ltr'><strong>uon</strong></span> <span class='ocrx_word' id='word_1_127' title='bbox 322 1828 431 1906; x_wconf 89' lang='lat' dir='ltr'><strong>possit,</strong></span> <span class='ocrx_word' id='word_1_128' title='bbox 448 1827 534 1887; x_wconf 91' lang='lat' dir='ltr'><strong>aliud</strong></span> <span class='ocrx_word' id='word_1_129' title='bbox 558 1828 659 1886; x_wconf 89' lang='lat' dir='ltr'><strong>oleum</strong></span> <span class='ocrx_word' id='word_1_130' title='bbox 682 1828 719 1886; x_wconf 90' lang='lat' dir='ltr'><strong>de</strong></span> <span class='ocrx_word' id='word_1_131' title='bbox 741 1827 836 1887; x_wconf 89' lang='lat' dir='ltr'><strong>olivis</strong></span> <span class='ocrx_word' id='word_1_132' title='bbox 852 1846 911 1887; x_wconf 92' lang='lat' dir='ltr'><strong>non</strong></span> <span class='ocrx_word' id='word_1_133' title='bbox 933 1828 1128 1900; x_wconf 82' lang='lat' dir='ltr'><strong>benedictum</strong></span> <span class='ocrx_word' id='word_1_134' title='bbox 1145 1823 1200 1884; x_wconf 70' lang='lat' dir='ltr'><strong>ad&#39;</strong></span> 
     </span>
     <span class='ocr_line' id='line_1_18' title="bbox 238 1920 1180 1999; baseline -0.007 -17"><span class='ocrx_word' id='word_1_135' title='bbox 238 1921 379 1995; x_wconf 79' lang='lat' dir='ltr'><strong>finiatur,</strong></span> <span class='ocrx_word' id='word_1_136' title='bbox 396 1922 450 1982; x_wconf 88' lang='lat' dir='ltr'><strong>sed</strong></span> <span class='ocrx_word' id='word_1_137' title='bbox 471 1921 502 1980; x_wconf 94' lang='lat' dir='ltr'><strong>iu</strong></span> <span class='ocrx_word' id='word_1_138' title='bbox 525 1923 639 1982; x_wconf 88' lang='lat' dir='ltr'><strong>minori</strong></span> <span class='ocrx_word' id='word_1_139' title='bbox 660 1923 851 1998; x_wconf 88' lang='lat' dir='ltr'><strong>quantitate:</strong></span> <span class='ocrx_word' id='word_1_140' title='bbox 876 1941 974 1999; x_wconf 87' lang='lat' dir='ltr'><strong>neque</strong></span> <span class='ocrx_word' id='word_1_141' title='bbox 995 1920 1180 1998; x_wconf 82' lang='lat' dir='ltr'><strong>praetermis·</strong></span> 
     </span>
    </p>

    <p class='ocr_par' dir='ltr' id='par_1_15' title="bbox 237 2015 1181 2092">
     <span class='ocr_line' id='line_1_19' title="bbox 237 2015 1181 2092; baseline -0.007 -16"><span class='ocrx_word' id='word_1_142' title='bbox 237 2035 306 2076; x_wconf 87' lang='lat' dir='ltr'><strong>sum</strong></span> <span class='ocrx_word' id='word_1_143' title='bbox 328 2017 391 2076; x_wconf 87' lang='lat' dir='ltr'><strong>fuit</strong></span> <span class='ocrx_word' id='word_1_144' title='bbox 411 2017 542 2075; x_wconf 90' lang='lat' dir='ltr'><strong>eundem</strong></span> <span class='ocrx_word' id='word_1_145' title='bbox 563 2015 731 2076; x_wconf 79' lang='lat' dir='ltr'><strong>certiorem</strong></span> <span class='ocrx_word' id='word_1_146' title='bbox 754 2017 897 2087; x_wconf 85' lang='lat' dir='ltr'><strong>reddere,</strong></span> <span class='ocrx_word' id='word_1_147' title='bbox 913 2033 1001 2092; x_wconf 88' lang='lat' dir='ltr'><strong>posse</strong></span> <span class='ocrx_word' id='word_1_148' title='bbox 1023 2016 1094 2076; x_wconf 91' lang='lat' dir='ltr'><strong>oleo</strong></span> <span class='ocrx_word' id='word_1_149' title='bbox 1114 2016 1181 2073; x_wconf 84' lang='lat' dir='ltr'><strong>bene·</strong></span> 
     </span>
    </p>

    <p class='ocr_par' dir='ltr' id='par_1_16' title="bbox 238 2107 1180 2186">
     <span class='ocr_line' id='line_1_20' title="bbox 238 2107 1180 2186; baseline -0.006 -18"><span class='ocrx_word' id='word_1_150' title='bbox 238 2110 325 2170; x_wconf 91' lang='lat' dir='ltr'><strong>dicto</strong></span> <span class='ocrx_word' id='word_1_151' title='bbox 347 2110 517 2186; x_wconf 84' lang='lat' dir='ltr'><strong>adiungere</strong></span> <span class='ocrx_word' id='word_1_152' title='bbox 540 2127 599 2168; x_wconf 92' lang='lat' dir='ltr'><strong>non</strong></span> <span class='ocrx_word' id='word_1_153' title='bbox 626 2110 825 2169; x_wconf 89' lang='lat' dir='ltr'><strong>benedictum</strong></span> <span class='ocrx_word' id='word_1_154' title='bbox 847 2110 989 2186; x_wconf 88' lang='lat' dir='ltr'><strong>pluribus</strong></span> <span class='ocrx_word' id='word_1_155' title='bbox 1005 2109 1137 2178; x_wconf 85' lang='lat' dir='ltr'><strong>vicibus,</strong></span> <span class='ocrx_word' id='word_1_156' title='bbox 1151 2107 1180 2163; x_wconf 87' lang='lat' dir='ltr'><strong>ite</strong></span> 
     </span>
    </p>

    <p class='ocr_par' dir='ltr' id='par_1_17' title="bbox 236 2191 1202 2559">
     <span class='ocr_line' id='line_1_21' title="bbox 239 2191 1202 2280; baseline -0.008 -16"><span class='ocrx_word' id='word_1_157' title='bbox 239 2213 276 2264; x_wconf 87' lang='lat' dir='ltr'><strong>ut</strong></span> <span class='ocrx_word' id='word_1_158' title='bbox 309 2205 411 2263; x_wconf 92' lang='lat' dir='ltr'><strong>oleum</strong></span> <span class='ocrx_word' id='word_1_159' title='bbox 440 2201 620 2262; x_wconf 89' lang='lat' dir='ltr'><strong>adiunctum</strong></span> <span class='ocrx_word' id='word_1_160' title='bbox 648 2203 880 2262; x_wconf 87' lang='lat' dir='ltr'><strong>consideratum</strong></span> <span class='ocrx_word' id='word_1_161' title='bbox 902 2202 1092 2278; x_wconf 83' lang='lat' dir='ltr'><strong>separatim,</strong></span> <span class='ocrx_word' id='word_1_162' title='bbox 1113 2205 1142 2261; x_wconf 91' lang='lat' dir='ltr'><strong>et</strong></span> <span class='ocrx_word' id='word_1_163' title='bbox 1161 2200 1180 2256; x_wconf 90' lang='lat' dir='ltr'><strong>in</strong></span> <span class='ocrx_word' id='word_1_164' title='bbox 1199 2191 1202 2280; x_wconf 44' lang='grc' dir='ltr'>ᾗ</span> 
     </span>
     <span class='ocr_line' id='line_1_22' title="bbox 242 2289 1202 2373; baseline -0.007 -15"><span class='ocrx_word' id='word_1_165' title='bbox 242 2313 426 2372; x_wconf 89' lang='lat' dir='ltr'><strong>unaquaque</strong></span> <span class='ocrx_word' id='word_1_166' title='bbox 447 2294 649 2369; x_wconf 78' lang='lat' dir='ltr'><strong>admistione,</strong></span> <span class='ocrx_word' id='word_1_167' title='bbox 665 2296 709 2356; x_wconf 90' lang='lat' dir='ltr'><strong>sit</strong></span> <span class='ocrx_word' id='word_1_168' title='bbox 729 2296 759 2354; x_wconf 92' lang='lat' dir='ltr'><strong>iu</strong></span> <span class='ocrx_word' id='word_1_169' title='bbox 778 2296 894 2356; x_wconf 90' lang='lat' dir='ltr'><strong>minori</strong></span> <span class='ocrx_word' id='word_1_170' title='bbox 914 2296 1096 2373; x_wconf 86' lang='lat' dir='ltr'><strong>quantitate</strong></span> <span class='ocrx_word' id='word_1_171' title='bbox 1113 2305 1181 2372; x_wconf 83' lang='lat' dir='ltr'><strong>quen</strong></span> <span class='ocrx_word' id='word_1_172' title='bbox 1201 2289 1202 2330; x_wconf 66' lang='lat' dir='ltr'><strong>i</strong></span> 
     </span>
     <span class='ocr_line' id='line_1_23' title="bbox 240 2383 1202 2467; baseline -0.004 -18"><span class='ocrx_word' id='word_1_173' title='bbox 240 2390 343 2450; x_wconf 88' lang='lat' dir='ltr'><strong>oleum</strong></span> <span class='ocrx_word' id='word_1_174' title='bbox 366 2388 575 2462; x_wconf 89' lang='lat' dir='ltr'><strong>benedictum,</strong></span> <span class='ocrx_word' id='word_1_175' title='bbox 591 2388 736 2467; x_wconf 86' lang='lat' dir='ltr'><strong>quamvis</strong></span> <span class='ocrx_word' id='word_1_176' title='bbox 757 2390 963 2451; x_wconf 86' lang='lat' dir='ltr'><strong>consideratis</strong></span> <span class='ocrx_word' id='word_1_177' title='bbox 985 2391 1128 2450; x_wconf 89' lang='lat' dir='ltr'><strong>omnibus</strong></span> <span class='ocrx_word' id='word_1_178' title='bbox 1145 2383 1202 2445; x_wconf 57' lang='lat' dir='ltr'><strong>ud?</strong></span> 
     </span>
     <span class='ocr_line' id='line_1_24' title="bbox 236 2477 1180 2559; baseline -0.01 -17"><span class='ocrx_word' id='word_1_179' title='bbox 236 2480 411 2542; x_wconf 87' lang='lat' dir='ltr'><strong>ditionibus</strong></span> <span class='ocrx_word' id='word_1_180' title='bbox 432 2481 525 2541; x_wconf 90' lang='lat' dir='ltr'><strong>simul</strong></span> <span class='ocrx_word' id='word_1_181' title='bbox 540 2525 549 2554; x_wconf 94' lang='lat'><strong>,</strong></span> <span class='ocrx_word' id='word_1_182' title='bbox 566 2482 623 2542; x_wconf 88' lang='lat' dir='ltr'><strong>fiet</strong></span> <span class='ocrx_word' id='word_1_183' title='bbox 643 2483 805 2559; x_wconf 79' lang='lat' dir='ltr'><strong>quantitas</strong></span> <span class='ocrx_word' id='word_1_184' title='bbox 830 2484 930 2542; x_wconf 87' lang='lat' dir='ltr'><strong>maior</strong></span> <span class='ocrx_word' id='word_1_185' title='bbox 952 2500 1011 2542; x_wconf 90' lang='lat' dir='ltr'><strong>nou</strong></span> <span class='ocrx_word' id='word_1_186' title='bbox 1035 2477 1180 2546; x_wconf 69' lang='lat' dir='ltr'><strong>benedicti</strong></span> 
     </span>
    </p>

    <p class='ocr_par' dir='ltr' id='par_1_18' title="bbox 238 2574 1181 2654">
     <span class='ocr_line' id='line_1_25' title="bbox 238 2574 1181 2654; baseline -0.008 -18"><span class='ocrx_word' id='word_1_187' title='bbox 238 2577 495 2653; x_wconf 87' lang='lat' dir='ltr'><strong>quemadmodum</strong></span> <span class='ocrx_word' id='word_1_188' title='bbox 525 2575 662 2636; x_wconf 91' lang='lat' dir='ltr'><strong>solutum</strong></span> <span class='ocrx_word' id='word_1_189' title='bbox 690 2576 753 2635; x_wconf 87' lang='lat' dir='ltr'><strong>fuit</strong></span> <span class='ocrx_word' id='word_1_190' title='bbox 781 2593 800 2634; x_wconf 87' lang='lat' dir='ltr'><strong>a</strong></span> <span class='ocrx_word' id='word_1_191' title='bbox 825 2577 922 2636; x_wconf 86' lang='lat' dir='ltr'><strong>Sacra</strong></span> <span class='ocrx_word' id='word_1_192' title='bbox 952 2574 1181 2654; x_wconf 77' lang='lat' dir='ltr'><strong>congregatione</strong></span> 
     </span>
    </p>

    <p class='ocr_par' dir='ltr' id='par_1_19' title="bbox 237 2668 910 2745">
     <span class='ocr_line' id='line_1_26' title="bbox 237 2668 910 2745; baseline -0.003 -15"><span class='ocrx_word' id='word_1_193' title='bbox 237 2668 372 2730; x_wconf 83' lang='lat' dir='ltr'><strong>Gonoiiii</strong></span> <span class='ocrx_word' id='word_1_194' title='bbox 393 2668 443 2728; x_wconf 89' lang='lat' dir='ltr'><strong>die</strong></span> <span class='ocrx_word' id='word_1_195' title='bbox 463 2670 503 2729; x_wconf 84' lang='lat'><strong>23</strong></span> <span class='ocrx_word' id='word_1_196' title='bbox 516 2668 703 2745; x_wconf 87' lang='lat' dir='ltr'><strong>septembris</strong></span> <span class='ocrx_word' id='word_1_197' title='bbox 723 2669 795 2728; x_wconf 89' lang='lat' dir='ltr'><strong>anni</strong></span> <span class='ocrx_word' id='word_1_198' title='bbox 821 2669 910 2728; x_wconf 83' lang='lat'><strong>1682.</strong></span> 
     </span>
    </p>
   </div>
   <div class='ocr_carea' id='block_1_2' title="bbox 237 2849 1183 3120">
    <p class='ocr_par' dir='ltr' id='par_1_20' title="bbox 237 2849 1183 3120">
     <span class='ocr_line' id='line_1_27' title="bbox 237 2849 1182 2938; baseline -0.012 -22"><span class='ocrx_word' id='word_1_199' title='bbox 237 2854 413 2916; x_wconf 81' lang='lat' dir='ltr'><strong>Indaltnm</strong></span> <span class='ocrx_word' id='word_1_200' title='bbox 444 2859 497 2915; x_wconf 84' lang='lat' dir='ltr'><strong>nti</strong></span> <span class='ocrx_word' id='word_1_201' title='bbox 527 2875 629 2932; x_wconf 81' lang='lat' dir='ltr'><strong>snpra</strong></span> <span class='ocrx_word' id='word_1_202' title='bbox 650 2857 667 2938; x_wconf 86' lang='lat'><em>(</em></span> <span class='ocrx_word' id='word_1_203' title='bbox 671 2873 748 2932; x_wconf 70' lang='lat' dir='ltr'><strong>pap.</strong></span> <span class='ocrx_word' id='word_1_204' title='bbox 765 2855 809 2914; x_wconf 87' lang='lat'><strong>83</strong></span> <span class='ocrx_word' id='word_1_205' title='bbox 812 2849 829 2931; x_wconf 87' lang='lat'><strong><em>)</em></strong></span> <span class='ocrx_word' id='word_1_206' title='bbox 855 2871 1035 2916; x_wconf 80' lang='lat' dir='ltr'><strong>concessam</strong></span> <span class='ocrx_word' id='word_1_207' title='bbox 1055 2851 1182 2932; x_wconf 73' lang='lat' dir='ltr'><strong>fidelibus</strong></span> 
     </span>
     <span class='ocr_line' id='line_1_28' title="bbox 299 2941 1183 3026; baseline -0.009 -16"><span class='ocrx_word' id='word_1_208' title='bbox 299 2950 409 3026; x_wconf 66' lang='lat' dir='ltr'><strong>Regni</strong></span> <span class='ocrx_word' id='word_1_209' title='bbox 432 2947 634 3021; x_wconf 80' lang='lat' dir='ltr'><strong>Galliarum,</strong></span> <span class='ocrx_word' id='word_1_210' title='bbox 664 2957 702 3008; x_wconf 87' lang='lat' dir='ltr'><strong>nt</strong></span> <span class='ocrx_word' id='word_1_211' title='bbox 727 2950 853 3024; x_wconf 79' lang='lat' dir='ltr'><strong>possint</strong></span> <span class='ocrx_word' id='word_1_212' title='bbox 881 2948 939 3008; x_wconf 84' lang='lat' dir='ltr'><strong>boe</strong></span> <span class='ocrx_word' id='word_1_213' title='bbox 971 2941 1183 3023; x_wconf 69' lang='lat' dir='ltr'><strong>persecutionis</strong></span> 
     </span>
     <span class='ocr_line' id='line_1_29' title="bbox 299 3043 853 3120; baseline -0.005 -17"><span class='ocrx_word' id='word_1_214' title='bbox 299 3053 439 3120; x_wconf 82' lang='lat' dir='ltr'><strong>tempore</strong></span> <span class='ocrx_word' id='word_1_215' title='bbox 460 3043 695 3118; x_wconf 69' lang='lat' dir='ltr'><strong>Indulgentiae</strong></span> <span class='ocrx_word' id='word_1_216' title='bbox 717 3044 853 3102; x_wconf 79' lang='lat' dir='ltr'><strong>lucrari.</strong></span> 
     </span>
    </p>
   </div>
   <div class='ocr_carea' id='block_1_3' title="bbox 240 3225 1187 3490">
    <p class='ocr_par' dir='ltr' id='par_1_21' title="bbox 240 3225 1187 3490">
     <span class='ocr_line' id='line_1_30' title="bbox 299 3225 1186 3292; baseline -0.015 0"><span class='ocrx_word' id='word_1_217' title='bbox 299 3230 459 3292; x_wconf 85' lang='lat' dir='ltr'><strong>Sanctitas</strong></span> <span class='ocrx_word' id='word_1_218' title='bbox 470 3231 534 3289; x_wconf 87' lang='lat' dir='ltr'><strong>Sua</strong></span> <span class='ocrx_word' id='word_1_219' title='bbox 548 3232 586 3288; x_wconf 91' lang='lat' dir='ltr'><strong>de</strong></span> <span class='ocrx_word' id='word_1_220' title='bbox 600 3227 732 3288; x_wconf 88' lang='lat' dir='ltr'><strong>consilio</strong></span> <span class='ocrx_word' id='word_1_221' title='bbox 751 3228 887 3288; x_wconf 83' lang='lat' dir='ltr'><strong>selectae</strong></span> <span class='ocrx_word' id='word_1_222' title='bbox 897 3225 1111 3289; x_wconf 73' lang='lat' dir='ltr'><strong>cardinalium</strong></span> <span class='ocrx_word' id='word_1_223' title='bbox 1123 3225 1186 3283; x_wconf 81' lang='lat' dir='ltr'><strong>aon·</strong></span> 
     </span>
     <span class='ocr_line' id='line_1_31' title="bbox 241 3313 1187 3402; baseline -0.014 -18"><span class='ocrx_word' id='word_1_224' title='bbox 241 3325 435 3402; x_wconf 86' lang='lat' dir='ltr'><strong>gregatiouis</strong></span> <span class='ocrx_word' id='word_1_225' title='bbox 466 3323 601 3400; x_wconf 89' lang='lat' dir='ltr'><strong>benigue</strong></span> <span class='ocrx_word' id='word_1_226' title='bbox 624 3323 770 3398; x_wconf 88' lang='lat' dir='ltr'><strong>indulget</strong></span> <span class='ocrx_word' id='word_1_227' title='bbox 791 3321 952 3382; x_wconf 84' lang='lat' dir='ltr'><strong>Fidelibus</strong></span> <span class='ocrx_word' id='word_1_228' title='bbox 975 3320 1065 3397; x_wconf 85' lang='lat' dir='ltr'><strong>regni</strong></span> <span class='ocrx_word' id='word_1_229' title='bbox 1086 3313 1187 3378; x_wconf 84' lang='lat' dir='ltr'><strong>Gallia·</strong></span> 
     </span>
     <span class='ocr_line' id='line_1_32' title="bbox 240 3409 1186 3490; baseline -0.016 -10"><span class='ocrx_word' id='word_1_230' title='bbox 240 3433 311 3480; x_wconf 91' lang='lat' dir='ltr'><strong>rum</strong></span> <span class='ocrx_word' id='word_1_231' title='bbox 333 3419 372 3476; x_wconf 90' lang='lat' dir='ltr'><strong>ad</strong></span> <span class='ocrx_word' id='word_1_232' title='bbox 393 3435 522 3490; x_wconf 90' lang='lat' dir='ltr'><strong>anuum,</strong></span> <span class='ocrx_word' id='word_1_233' title='bbox 539 3417 565 3475; x_wconf 87' lang='lat' dir='ltr'><strong>si</strong></span> <span class='ocrx_word' id='word_1_234' title='bbox 581 3416 700 3476; x_wconf 87' lang='lat' dir='ltr'><strong>tamdiu</strong></span> <span class='ocrx_word' id='word_1_235' title='bbox 715 3417 825 3476; x_wconf 89' lang='lat' dir='ltr'><strong>horum</strong></span> <span class='ocrx_word' id='word_1_236' title='bbox 848 3419 1026 3490; x_wconf 90' lang='lat' dir='ltr'><strong>temporum</strong></span> <span class='ocrx_word' id='word_1_237' title='bbox 1041 3409 1186 3473; x_wconf 78' lang='lat' dir='ltr'><strong>calamita</strong></span> 
     </span>
    </p>
   </div>
   <div class='ocr_carea' id='block_1_4' title="bbox 239 3505 1187 3594">
    <p class='ocr_par' dir='ltr' id='par_1_22' title="bbox 239 3505 1187 3594">
     <span class='ocr_line' id='line_1_33' title="bbox 239 3505 1187 3594; baseline -0.018 -17"><span class='ocrx_word' id='word_1_238' title='bbox 239 3516 476 3594; x_wconf 86' lang='lat' dir='ltr'><strong>perduraverit,</strong></span> <span class='ocrx_word' id='word_1_239' title='bbox 491 3519 529 3576; x_wconf 92' lang='lat' dir='ltr'><strong>ut</strong></span> <span class='ocrx_word' id='word_1_240' title='bbox 543 3514 760 3576; x_wconf 84' lang='lat' dir='ltr'><strong>deficientibus</strong></span> <span class='ocrx_word' id='word_1_241' title='bbox 775 3512 1004 3585; x_wconf 86' lang='lat' dir='ltr'><strong>sacerdotibus,</strong></span> <span class='ocrx_word' id='word_1_242' title='bbox 1018 3512 1073 3589; x_wconf 89' lang='lat' dir='ltr'><strong>qui</strong></span> <span class='ocrx_word' id='word_1_243' title='bbox 1085 3505 1187 3568; x_wconf 82' lang='lat' dir='ltr'><strong>coufes-</strong></span> 
     </span>
    </p>
   </div>
   <div class='ocr_carea' id='block_1_5' title="bbox 0 0 1227 4196">
    <p class='ocr_par' dir='ltr' id='par_1_23' title="bbox 0 0 1227 4196">
     <span class='ocr_line' id='line_1_34' title="bbox 0 0 1227 4196; baseline 0 0"><span class='ocrx_word' id='word_1_244' title='bbox 0 0 1227 4196; x_wconf 95' lang='lat' dir='ltr'><strong> </strong></span> 
     </span>
    </p>
   </div>
  </div>
 </body>
</html>
