2424 4196
610 142 790 204 -152-

270 251 392 311 Nostra
411 251 487 311 haec
507 248 622 312 fiducie
642 250 792 310 maiorem
814 249 846 308 in
867 250 995 310 modum
1014 247 1160 308 excitatur

213 344 446 420 praestantibus
473 343 593 403 litteris
621 343 685 404 tuis
712 343 763 403 die
791 343 927 403 'secunda
952 341 1028 402 Iulii
1052 341 1089 400 ad
1109 341 1160 402 Nos

214 437 308 512 datis,
331 438 363 496 in
384 438 495 515 quibus
516 443 712 516 praesentem
733 454 841 498 rerum
855 437 1090 498 Gallicanarum
1111 439 1162 496 sto
1187 407 1191 471 i

213 532 283 588 tum
295 530 393 592 Nobis
407 531 560 592 retulisti.
576 531 675 592 Valde
695 531 806 592 laetati
829 549 935 592 summ
957 529 1160 606 intelligentes
1190 569 1191 614 3

214 644 293 702 quae
313 628 465 688 hactenns
485 629 553 688 illic
573 628 748 690 animorum
777 626 960 686 immutatio
982 629 1093 702 coepta
1110 628 1160 696 est,
1190 621 1191 664 ἕ

213 722 372 797 Deumque
386 722 630 798 omnipotentem
649 737 824 798 precamur,
841 722 879 779 ut
890 721 973 797 quod
987 719 1091 795 eoepit
1106 720 1160 794 lpse

214 815 376 893 perficiet,
400 835 437 876 ac
466 817 602 876 caeleste
632 816 847 878 sanctissimae
878 813 1044 893 religionis
1070 815 1159 874 lumen

215 909 248 968 in
270 927 338 968 eam
360 908 422 970 iam
442 909 599 987 inclytam
624 911 795 982 nationem,
818 909 850 967 in
873 927 934 986 qne
955 926 1053 986 paene
1074 907 1159 966 extil-

216 1004 301 1060 ctum
314 1002 508 1080 lugebamus,
525 1003 644 1065 inferre
664 1021 701 1062 ao
722 1002 893 1062 restituere
914 1001 1010 1074 velit,
1023 1000 1159 1059 omninn-
1186 1025 1190 1082 3

215 1112 275 1171 qne
295 1100 416 1156 mentes
430 1101 582 1157 renovato
602 1101 636 1157 et
657 1113 824 1172 numquam
845 1094 1010 1156 defecturo
1030 1093 1159 1154 veritatis
1188 1111 1190 1130 ,

217 1187 341 1266 fulgore
363 1190 527 1252 illustrare
540 1209 576 1252 ac
591 1191 797 1252 inflammare.
811 1189 895 1248 Haec
909 1187 1004 1249 unica
1017 1189 1159 1264 multoque
1186 1157 1189 1223 i

216 1280 392 1343 laetissima
404 1285 501 1346 Nobis
515 1285 579 1344 erit
593 1283 705 1344 summi
719 1282 936 1360 diuturnique,
951 1299 1012 1358 quo
1027 1283 1159 1342 munus
1185 1319 1190 1391 Ξ

218 1375 437 1451 obumbremur,
454 1377 570 1437 doloris
584 1376 806 1454 compensatio.
1189 1443 1190 1470 1

278 1470 410 1530 Interim
432 1471 496 1531 tuis
516 1471 639 1531 litteris
659 1468 808 1530 delectati
823 1469 916 1529 valde
930 1487 1050 1542 snmus,
1066 1467 1159 1527 dilecte

217 1560 284 1620 Fili
304 1563 439 1636 Noster,
462 1569 620 1641 tamquam
641 1567 674 1622 et
694 1562 828 1622 virtutis
843 1566 922 1622 vtune
943 1566 978 1622 et
997 1562 1095 1622 animi
1112 1562 1160 1622 Nn·
1185 1551 1194 1632 l

218 1653 336 1713 hiscum
351 1655 598 1716 coniunctissimi
613 1654 785 1733 praeclaris
800 1655 945 1728 testibus3
962 1655 1082 1732 tibique
1095 1652 1160 1713 inui-
1193 1672 1194 1692 ¹

219 1765 286 1808 cem
307 1748 505 1810 Pontificiam
527 1748 791 1810 existimationem
812 1766 848 1808 ac
869 1753 1034 1826 paternam
1049 1750 1160 1808 bonoso
1193 1763 1194 1800 3

219 1839 350 1900 lentium
360 1844 512 1904 Nostram
525 1843 747 1902 confirmemus
757 1842 937 1922 Apostolioa
949 1841 1159 1908 benedictione,

220 1952 312 2010 quam
333 1937 366 1995 in
388 1937 567 1997 divinorum
589 1953 753 1996 munerum
767 1935 939 2012 auspicium
955 1936 1027 2008 tibi,
1042 1933 1161 1996 comnis
1191 1949 1192 2004 ς

221 2026 323 2105 sisque
345 2033 417 2090 tuae
438 2029 512 2090 fidei
533 2029 645 2090 ovibus
665 2047 705 2089 ex
726 2027 838 2088 intimo
859 2031 951 2089 corde
979 2033 1160 2107 peramanter

221 2120 432 2199 impertimur.

281 2217 396 2276 Datum
417 2219 535 2278 Romae
550 2217 600 2276 die
614 2218 675 2277 XII
693 2215 830 2294 Augusti
848 2216 1161 2290 Muccxcvss,1>u·

222 2305 362 2368 tificatus
378 2310 491 2372 Nostri
504 2328 585 2371 anno
598 2312 716 2371 XXIII.
