2424 4196
19 313 241 390 propositione,
258 333 320 374 nou
342 333 408 375 esse
430 316 580 376 obnoxios
598 335 748 380 censurae
767 321 980 397 suspensionis

19 407 228 469 aSanetitate
256 410 320 470 Sua
341 410 480 470 inflictae
509 410 542 470 in
566 413 825 487 praememoratis
853 413 975 474 litteris

21 499 67 557 diei
90 502 128 560 13
149 502 269 578 aprilis
298 503 373 562 anni
397 504 473 565 1791
496 505 648 565 adversus
669 522 742 577 cos,
764 507 818 583 qui
839 505 976 568 ciricum

20 593 222 656 loramentum
245 614 336 673 pure,
353 602 386 656 et
407 599 600 675 simpliciter
620 600 865 684 praestiterunt:
881 602 979 661 obno-

18 687 74 746 xios
95 695 204 748 tamen
221 707 287 748 esse
307 691 483 750 censurisa
504 692 573 751 iure
599 692 731 754 statutis
743 697 856 753 contra
877 695 979 755 lauta·

14 797 66 854 res,
83 783 134 841 rel
160 784 366 843 adhaerentes
389 785 531 858 haeresi,
546 791 603 845 ant
624 786 799 845 schismati:
817 804 870 846 eos
886 807 975 861 vero,

13 877 58 951 qui
77 880 116 938 ab
133 879 259 938 intruso
274 878 582 940 administrationem
599 880 825 940 Perochiarum
848 897 977 958 accepe-

13 974 90 1043 runt,
106 971 261 1031 obnoxios
275 989 341 1032 esse
363 974 460 1032 etiam
475 991 626 1032 censurae
642 973 857 1048 suspensionis
871 978 974 1036 stato-

13 1065 55 1121 iae
75 1064 107 1122 in
131 1064 287 1140 praefatis
310 1066 495 1141 apostolicis
516 1066 636 1126 litteris
657 1067 689 1124 in
711 1068 741 1142 ἓ.
763 1067 818 1126 Ad
833 1085 973 1144 praeca-

13 1159 120 1218 nenda.

63 1253 110 1310 Ad
134 1253 283 1322 tertium,
300 1252 533 1312 rescribendum
549 1254 715 1314 mandavit
730 1254 930 1316 affirmative.

66 1347 185 1405 Rornae
217 1362 257 1404 ex
289 1347 426 1406 Aedibus
457 1346 675 1412 Quirinalibus
707 1347 757 1405 die
790 1350 865 1408 XVI
897 1348 974 1408 Iulii

10 1437 74 1496 anni
95 1439 319 1500 MDOGXOIV.
772 1449 775 1455 “

469 1533 510 1593 F.
526 1534 568 1592 X.
586 1531 683 1594 Card.
701 1537 741 1596 de
753 1536 890 1596 zelada.

407 1733 574 1792 nvn.

314 1850 671 1912 RESPONSA

61 2013 214 2074 Diversis
235 2013 493 2090 quaestionibus,
510 2018 542 2072 et
554 2014 734 2088 facultates
747 2027 912 2075 concessae

329 2180 352 2222 Δ
366 2179 473 2224 SUMMO
488 2180 651 2224 PONTIFIGE

268 2327 296 2394 P
311 2325 331 2393 I
346 2325 375 2396 Ο
425 2325 453 2394 P
470 2325 505 2392 A
523 2325 550 2392 Ρ
565 2325 600 2394 Α
645 2327 708 2398 VI.

314 2497 374 2558 Die
394 2497 439 2556 26
460 2498 545 2557 Iulii
566 2495 662 2561 1794.

63 2661 211 2720 Purrrua
227 2659 257 2719 1.
273 2652 423 2720 Facultas
444 2658 624 2718 celebrandi
648 2658 772 2719 missam
795 2659 909 2736 absque
923 2660 974 2720 al-

13 2753 80 2825 tari,
102 2753 217 2829 absque
239 2753 400 2825 ministro,
423 2756 457 2811 et
478 2753 592 2828 absque
614 2752 819 2812 ornamentis.

65 2847 105 2904 R.
128 2848 376 2917 sincrrssnros,
404 2847 443 2905 de
471 2846 601 2904 consilio
628 2859 735 2906 sacrae
763 2845 987 2906 cardinalium

14 2941 280 3018 congregationis,
302 2940 437 3002 attentis
459 2938 698 2998 luctuosissimis
724 2937 972 2998 circumstantiis

12 3031 174 3108 dequibus
197 3036 318 3111 agitor,
342 3033 473 3110 benigne
494 3033 648 3092 concessit
669 3031 849 3091 oratoribus
870 3029 971 3090 tacul-

13 3127 103 3184 tatem
124 3128 303 3190 celebrandi
322 3128 439 3186 missae
459 3125 648 3188 sacrificium
670 3125 736 3183 sine
757 3124 914 3195 ministro,
939 3129 973 3184 et

12 3234 100 3294 supra
119 3222 214 3282 altari
237 3222 396 3300 portatiii.
422 3223 534 3282 lisdem
565 3224 730 3296 praeterea
749 3219 904 3278 concessit
925 3218 973 3278 sa-

12 3313 155 3374 onltatem
176 3318 377 3378 consecrandi
398 3315 516 3377 altaria
542 3313 709 3390 portatilia
729 3311 899 3394 cumtoleis
925 3317 974 3374 ta·

14 3421 77 3463 meo
95 3409 131 3467 ab
146 3411 287 3488 episcopo
302 3411 487 3479 benedictis,
502 3413 536 3468 et
552 3406 750 3467 benedicendi
765 3407 973 3469 sacerdotalia

12 3495 205 3580 indumenta,
229 3510 426 3566 nontamen
456 3503 637 3564 celebrandi
657 3503 689 3560 io
719 3501 830 3564 babitu
850 3501 969 3564 laicali:
