2488 4204
44 334 188 409 snaticos,
210 342 244 396 et
264 338 443 398 schismatis
468 340 669 417 haeresisque
691 339 850 410 fautores,
870 356 990 399 necnon

41 423 173 501 intrusos,
197 431 333 508 adeoque
354 449 414 492 ucn
435 432 660 507 absolvendos,
683 433 744 492 uisi
765 433 853 509 prius
882 434 993 493 damno

40 517 113 580 illato
133 522 296 585 Ecclesiae
325 525 452 604 eiusque
473 526 630 588 ministris
659 525 782 603 publico
803 531 837 587 ot
857 543 993 604 congrue

37 620 188 690 reparato,
216 617 348 695 aliisque
369 619 598 682 conditionibus
626 620 764 682 serratis
788 619 992 698 praescriptis

34 707 59 764 in
79 709 230 784 praefatis
250 712 372 774 litteris
392 714 584 792 apostolicis.

83 803 236 880 Sequitur
263 810 397 868 secunda
424 809 585 868 dubiorum
608 807 728 868 classis.
754 807 821 874 Qua
841 807 918 868 item
939 823 992 866 ra-

32 893 109 954 tione
131 914 201 956 sese
224 914 335 974 gerere
356 900 489 961 debeant
515 903 666 962 Pastores
687 901 718 959 iu
741 901 866 977 publica
886 917 992 962 sacra·

31 995 199 1052 mentorum
211 993 497 1069 administratione,
506 998 541 1056 et
553 994 728 1056 christiana
738 996 902 1072 sepultura
913 1012 990 1072 erga

30 1081 128 1146 laicos.

81 1181 104 1238 1.
120 1181 182 1247 Qui
204 1199 337 1258 regnum
359 1183 537 1244 schismatis
557 1187 591 1244 et
605 1184 744 1245 haeresis
758 1182 903 1245 stabilire
925 1197 996 1252 ser·,

29 1273 175 1347 monibus,
193 1274 334 1352 scriptis,
349 1276 472 1337 actibus
493 1277 639 1354 publicis,
662 1277 757 1354 impio
778 1280 812 1337 et
833 1276 894 1352 ipsi
915 1279 990 1334 coh·

29 1365 204 1438 tenderunt,
227 1368 335 1428 fideles
355 1370 528 1432 catholicos
548 1371 728 1432 scandaloso
742 1375 816 1432 suut
829 1369 988 1442 insectati,

29 1456 222 1538 divinamque
247 1462 368 1524 Christi
393 1463 576 1542 religionem
604 1465 742 1526 ostentui
769 1465 884 1525 habere
917 1463 988 1540 glo-

28 1549 91 1612 riati
112 1559 202 1615 sunt.

79 1649 115 1708 R.
133 1651 184 1710 hd
207 1650 336 1710 dubium
350 1654 374 1712 Ι.
391 1652 502 1712 Laiccs
523 1652 687 1729 dequibus
708 1651 817 1729 agitur
831 1668 898 1711 csse
911 1652 987 1712 hae·

29 1741 143 1816 reticos‚
158 1749 256 1820 atque
278 1745 415 1806 haeresis
437 1749 470 1806 et
492 1745 669 1807 schismatis
690 1749 932 1836 propagatores,
954 1747 988 1804 et

31 1835 244 1897 catholicorum
267 1844 493 1916 persecutores,
509 1841 645 1917 adeoque
669 1840 840 1900 incurrisse
861 1839 893 1898 in
915 1856 995 1916 poe-¹

34 1942 76 1985 uas
87 1947 104 1989 a
117 1930 190 1991 iure
206 1935 354 2004 statutas,
368 1951 424 1992 nec
439 1933 654 2006 absolvendos,
675 1951 731 1992 uec
750 1934 789 1991 ad
811 1949 987 1992 sacramen·

35 2021 59 2078 ta
79 2027 108 2084 et
128 2025 324 2103 sepulturam
340 2027 584 2088 ecclesiasticam
607 2025 829 2098 admittendos,
846 2024 907 2087 uisi
928 2043 987 2102 pu-

32 2109 98 2173 blico
113 2118 262 2178 scandalo
284 2119 406 2195 publice
421 2122 454 2178 et
467 2137 527 2196 quo
541 2119 666 2179 meliori
680 2118 749 2178 fieri
765 2121 870 2196 potest
883 2119 983 2190 modo,

32 2215 178 2282 reparato.

78 2303 114 2362 ΙΙ.
132 2305 194 2371 Qui
216 2304 424 2367 divortiorum
452 2306 575 2385 legibus
596 2307 691 2378 freti,
714 2307 946 2384 impetrataque
966 2325 985 2366 a

30 2396 209 2472 magistratu
231 2400 400 2471 sententia,
416 2405 619 2478 compertam,
635 2401 723 2478 quasi
738 2400 894 2478 coniugali
918 2401 986 2460 vin-

30 2488 87 2548 culo
101 2492 212 2566 soluti,
227 2493 436 2570 reliquerunt,
450 2494 517 2554 sive
528 2513 626 2555 novas
642 2493 766 2570 nuptias
778 2494 983 2567 attentarint,

31 2594 86 2640 sive
105 2604 179 2645 non.

79 2679 114 2737 R.
131 2683 179 2740 Ad
204 2680 330 2740 dubium
352 2684 469 2743 11.an
491 2685 528 2742 de
549 2683 661 2760 quibus
681 2682 802 2761 agitur,
819 2683 983 2743 adversari

30 2765 177 2833 doctrinas
198 2774 357 2835 Ecclesiae
379 2777 416 2835 de
431 2777 704 2838 matrimoniorum
725 2776 985 2837 indissolubilite-

31 2860 67 2932 ῑθ,
81 2867 212 2943 adeoque
233 2886 292 2926 non
314 2887 381 2929 esso
401 2870 618 2942 absolvendos,
641 2889 696 2930 uec
717 2873 755 2930 ad
777 2872 982 2940 sacramenta,

31 2955 73 3014 vel
90 2961 331 3022 ecclesiasticam
354 2963 547 3040 sepulturam
570 2964 793 3036 admittendos,
815 2964 874 3022 uisi
896 2978 985 3021 erro-

29 3060 94 3124 rem,
109 3057 145 3113 ut
159 3072 218 3132 par
232 3059 293 3128 est,
309 3056 446 3131 cierent,
460 3062 494 3118 et
514 3059 551 3118 ad
567 3058 745 3136 legitimum
767 3058 899 3117 redeant
912 3075 984 3115 con·

30 3145 158 3219 sonuum,
175 3147 303 3209 dimissa
323 3149 388 3209 alia
407 3150 556 3228 coniuge,
576 3155 730 3228 quatenus
751 3151 830 3212 alias
857 3149 983 3227 nuptias

30 3231 97 3296 inire
115 3242 321 3302 attentarint.
529 3299 531 3304 .

79 3333 208 3401 111.Qui
229 3334 335 3395 irritis
356 3336 448 3412 plane
468 3337 680 3399 matrimoniis
701 3336 814 3411 iuncti,
837 3337 869 3396 in
891 3339 979 3399 adul-

32 3420 119 3485 lerino
139 3427 193 3488 vel
214 3427 386 3490 fornicario
409 3429 521 3491 saltem
543 3435 750 3509 perseverant
771 3433 937 3493 consortio.

78 3520 112 3580 R.
129 3522 176 3581 Ad
200 3521 326 3581 dubium
348 3523 403 3582 111.
420 3525 479 3584 Eos
500 3524 552 3600 qui
574 3524 677 3584 irritis
706 3526 798 3602 plane
819 3526 981 3588 matrimo-
