2506 4200
443 227 623 286 -141-

98 338 254 398 Dubium
282 340 425 399 tertium.
447 339 559 398 Utrum
592 337 673 397 tales
697 337 896 409 sacerdotes,
922 337 1013 398 dictis

34 434 142 492 modis
161 437 199 493 et
221 432 319 493 electi
337 438 370 492 et
390 431 531 492 instituti
558 435 597 491 ad
620 433 776 494 Ecclesiae
801 439 865 494 tum
888 451 1013 500 vacuas,

34 529 105 584 tum
132 525 237 586 etiam
258 524 377 602 plenas,
401 526 457 584 hoc
473 524 540 601 ipso
564 527 713 588 excidant
726 547 745 588 a
757 527 904 603 delegata
921 527 1017 585 iuris·

35 621 184 680 dictione
208 638 303 696 quam
324 619 509 679 obtinebant
529 620 560 678 in
583 621 695 679 iisdem
714 620 875 691 Ecclesiis,
893 639 945 680 seu
961 621 1016 680 Vi-

33 716 203 774 cariorum
230 712 558 789 muneraiungentes,
575 733 627 773 seu
652 718 809 790 tamquam
826 713 1014 790 simpliciter

33 805 213 883 approbati
233 807 271 863 ad
291 805 489 881 excipiendas
510 805 648 865 fidelium
672 805 891 866 confessiones.

92 901 319 974 Responsum.
335 897 498 958 Praefatae
520 901 698 960 sacerdotes
720 899 873 960 excidisse
892 918 911 958 a
929 899 1011 958 dele·

34 998 112 1070 gata
128 991 355 1052 iurisdictione
369 1010 461 1067 quam
480 992 664 1053 obtinebant
679 993 711 1051 in
727 993 835 1053 iisdem
852 991 1012 1060 Ecclesiis,

33 1105 88 1146 seu
109 1085 322 1146 vicariorum
345 1102 470 1146 munere
488 1085 667 1163 fungentes
687 1105 740 1146 sou
763 1092 921 1164 tamqnam
937 1087 1013 1146 sim·

33 1180 173 1256 pliciter
188 1178 354 1254 approbati
373 1181 409 1238 ad
425 1179 624 1256 excipiendas
639 1181 777 1241 fidelium
793 1180 1010 1241 confessiones.

94 1272 251 1332 Dubium
262 1278 429 1348 quartum.
444 1271 477 1331 Si
491 1271 570 1332 idem
584 1272 752 1350 Episcopus
763 1273 859 1333 alicui
870 1291 909 1332 cx
922 1291 1013 1349 prae-

32 1367 114 1426 fatis
141 1364 361 1424 sacerdotibus
382 1365 519 1425 dixerit:
536 1367 723 1444 «Quidquid
747 1367 790 1425 sit
811 1370 847 1427 de
870 1370 926 1426 tua
946 1368 1011 1426 ele-

33 1475 51 1517 »
66 1457 183 1518 ctione
197 1473 233 1516 ec
249 1455 472 1531 institutione,
488 1459 615 1518 confero
632 1459 690 1519 tibi
706 1477 812 1519 omnes
826 1461 1009 1519 falcultates

32 1549 250 1628 »requisitas
270 1551 310 1609 ad
331 1550 539 1612 absolvendos
557 1556 748 1628 peccatores,
762 1554 801 1612 ad
823 1552 1011 1611 celebranda

33 1642 294 1715 »matrimonia
317 1646 378 1702 etc.
401 1643 460 1702 tibi
481 1645 681 1705 committens
704 1645 807 1704 omnia
829 1643 1013 1706 iuraParo-

33 1739 169 1798 nebi.»
182 1738 320 1803 Quaeres
341 1737 463 1814 qualem
485 1741 600 1799 sortita
621 1739 720 1798 fuerit
741 1738 885 1797 adactum
902 1738 1012 1798 huius·

34 1833 123 1892 modi
148 1831 339 1890 commissio.

97 1927 318 2002 Responsum.
331 1927 461 1986 Nullum
476 1946 604 2004 prorsus
615 1927 758 1987 effectum
773 1925 921 1986 sortitam
934 1924 1010 1985 fuis·

35 2038 67 2080 se
89 2017 278 2079 huiusmodi
300 2020 561 2080 commissionem.

87 2113 239 2172 Dubium
252 2115 417 2190 quintum.
427 2114 614 2180 Quibusnam
628 2115 733 2191 poenis
746 2112 902 2174 canonicis
914 2111 1009 2172 subii·

36 2205 174 2268 ciantur
188 2205 335 2278 parochi,
349 2206 447 2265 modis
461 2207 604 2284 specialis
624 2207 718 2267 eiecti
737 2213 831 2284 atque
852 2206 1004 2266 instituti.

101 2299 318 2374 Responsum.
341 2301 499 2359 Parochos
520 2301 572 2377 qui
594 2320 672 2378 pure
693 2305 727 2361 et
748 2301 934 2378 simpliciter
955 2299 1008 2358 iu-

35 2397 222 2452 ramentum
244 2391 377 2451 oivicum
404 2395 653 2470 praestiterunt,
676 2395 788 2454 subiici
810 2393 1002 2471 suspensioni

35 2488 76 2546 ab
99 2485 258 2545 exercitio
279 2485 497 2562 cuiuscumque
521 2489 651 2562 ordinis,
674 2489 759 2550 latae
781 2507 799 2548 a
820 2489 876 2548 SS.
890 2491 926 2548 D.
941 2489 1007 2549 No-

36 2585 107 2639 stro
130 2578 163 2636 in
186 2578 375 2654 Apostolicis
396 2579 532 2641 Litteris
553 2581 614 2641 diei
631 2582 669 2641 13
682 2583 803 2659 Aprilis
825 2582 898 2643 anni
915 2583 1003 2642 1791:

36 2673 119 2732 item
141 2671 254 2731 subiici
287 2673 426 2731 censuris
455 2673 598 2734 omnibus
619 2693 637 2734 a
659 2675 727 2734 iure
757 2675 905 2734 canonico
929 2675 1005 2736 latis

37 2771 155 2825 contra
175 2766 395 2838 adhaerentes,
412 2770 468 2825 aut
488 2765 629 2827 fautores
652 2769 789 2828 haeresis
803 2769 837 2826 et
854 2767 1006 2827 schisma·
1068 2789 1072 2800 ·

37 2860 100 2918 tis:
126 2861 250 2917 demum
273 2859 383 2918 subiici
407 2860 545 2919 censuris
566 2861 597 2918 in
620 2862 689 2919 iuro
709 2860 855 2919 canonico
877 2859 1005 2920 indictis

39 2953 194 3010 adversus
216 2951 342 3026 eosqui
364 2951 513 3011 electioni
534 2954 572 3010 da
586 2971 618 3011 se
640 2952 742 3012 iactae
764 2970 819 3028 per
835 2950 1005 3012 saecularis

39 3042 214 3118 potestatis
234 3043 362 3102 abusum
384 3044 562 3104 consentire
584 3045 862 3122 praesumpserint.

101 3136 245 3196 Dubium
273 3146 411 3197 sectum.
435 3139 476 3198 iit
501 3155 580 3214 quae
613 3136 651 3197 ab
673 3136 749 3212 ipsis
776 3136 1004 3198 satisfactiones

39 3229 239 3306 exigendae?
512 3247 531 3287 x

100 3324 312 3399 Responsum.
332 3323 380 3381 nb
401 3323 441 3382 iis
461 3321 515 3399 qui
537 3321 748 3382 iuramentum
770 3321 904 3383 civicum
927 3341 1004 3400 pura

40 3419 75 3474 et
96 3415 288 3490 simpliciter
308 3417 492 3487 emiserunt,
509 3414 595 3491 exigi
616 3416 727 3475 debere
741 3418 819 3492 quod
843 3416 1003 3476 iuramen-

41 3512 111 3568 tum
132 3512 313 3572 retractent
333 3509 455 3585 publice
472 3514 505 3568 et
518 3508 634 3586 palam,
647 3513 741 3587 atque
766 3509 905 3570 fidelium
918 3528 1004 3572 sean-
