2488 4204
231 348 301 390 oum
323 331 372 390 his
394 330 516 391 artibus
538 329 575 388 ad
598 347 669 388 suas
683 331 790 404 partes
809 327 977 388 maximam
993 323 1098 402 populi
1112 325 1187 383 mul·
1228 359 1229 368 κ

231 423 400 485 titudinem
422 423 612 496 illexisseut,
635 424 672 483 ad
695 424 845 495 eandem,
868 439 924 498 per
945 437 1049 479 omnes
1070 417 1186 478 Galliae
1228 443 1229 498 j

156 555 158 558 -
231 517 430 594 provincias,
452 517 552 594 magis
574 517 734 594 magisque
756 533 812 592 ope
842 533 876 574 aa
899 514 1059 592 promissis
1073 513 1187 572 lactan·
1228 513 1229 518 ’

231 611 314 683 dam,
337 628 391 670 seu
413 612 520 688 potius
543 610 755 684 illudendam,
777 607 947 686 speciosum
969 607 1048 666 illud
1074 605 1189 682 reperi·

232 707 306 763 rant
319 704 479 764 libertatis
494 722 616 775 nomen,
630 720 796 780 omnesque
810 702 848 762 ad
864 702 931 761 eius
953 701 1038 762 elata
1056 697 1187 775 insignia

233 815 270 856 ac
292 797 412 858 vexilla
433 799 613 858 evocarent.
636 799 720 858 Haec
748 796 806 856 illa
834 813 943 873 nempe
964 793 1189 870 Philosophiae

235 891 365 949 libertas
385 898 446 963 est,
462 909 539 967 quae
560 889 637 948 illuc
660 892 794 966 spectat,
811 891 846 948 ut
867 890 1111 965 corrumpantur
1125 883 1187 944 ani·

234 985 288 1056 mi,
305 988 341 1044 ut
354 986 568 1061 depraventur
589 983 710 1061 moresf,
727 987 762 1042 ut
780 983 880 1042 omnis
893 983 1013 1059 Legum
1037 998 1074 1041 ac
1088 993 1187 1039 rerum

235 1078 371 1137 omnium
400 1079 475 1137 ordo
503 1077 719 1137 subvertatur.
742 1079 818 1137 Eam
848 1079 1017 1154 propterea
1038 1070 1186 1134 Gallicani

234 1170 311 1230 cleri
332 1176 505 1230 conventus
526 1170 589 1231 fuit
609 1171 783 1230 detestatus
805 1167 849 1247 (1)
875 1169 938 1228 iam
961 1167 992 1227 in
1015 1165 1114 1243 plebis
1128 1161 1189 1222 ani·

235 1279 299 1322 mos
320 1282 376 1342 per
397 1265 615 1324 fallacissimas
629 1263 822 1340 irrepentem
837 1260 1031 1332 sententias3
1047 1276 1116 1318 eam
1130 1257 1186 1317 Nos

234 1358 296 1435 ipsi
310 1358 342 1416 iu
357 1362 534 1420 memorata
553 1356 722 1434 Encyclica
740 1357 825 1415 hisce
840 1353 945 1415 verbis
960 1353 1186 1430 designandam,

235 1451 513 1527 declarandamque
536 1449 698 1509 duximus:
717 1449 760 1508 Id
770 1456 942 1525 praeterea
956 1445 1189 1524 apprediuntur

232 1545 449 1624 perditissimi
468 1543 669 1624 philosophi,
693 1543 867 1619 atquibus
888 1541 1034 1600 domines
1054 1536 1188 1598 uinculis

236 1643 324 1698 inter
345 1655 386 1708 se,
411 1646 509 1717 atque
530 1655 602 1699 cum
623 1637 868 1696 dominantibus
882 1637 1141 1711 coniunguntur,
1163 1631 1189 1685 tl

236 1736 274 1792 in
295 1733 394 1808 officio
415 1734 637 1803 continentur,
658 1749 696 1792 ea
718 1733 830 1790 omnia
850 1731 1044 1802 dissolvunt·
1063 1727 1188 1786 liberum

237 1826 399 1886 hominem
419 1827 513 1886 nasci
533 1826 576 1884 ad
595 1841 752 1885 nauseam
773 1842 872 1903 usque
897 1825 1083 1893 clamitant,
1107 1833 1190 1895 repe-

235 1927 388 1996 runtque,
411 1935 469 1979 nec
489 1921 682 1995 cuiusquam
696 1920 872 1978 admonium
892 1918 1041 1992 imperio:
1063 1915 1188 1974 societa-

236 2021 300 2072 tem
316 2023 489 2089 propterea
508 2015 756 2073 multitudinem
787 2029 851 2072 esse
882 2011 1050 2072 taurinum
1074 2012 1190 2086 inepto·

235 2123 331 2177 rum,
354 2122 417 2182 quo
438 2122 469 2164 se
486 2112 677 2180 prosternat
696 2105 872 2181 stupiditas
894 2121 1001 2164 coram
1022 2100 1188 2164 sacerdoti·

237 2204 303 2271 bus,
327 2215 348 2258 a
368 2199 484 2274 quibus
504 2199 724 2274 decipiantur,
747 2216 855 2258 coram
875 2199 1014 2275 rapidus,
1038 2215 1061 2256 a
1081 2197 1189 2274 quibus

236 2294 479 2369 opprimentem
500 2293 578 2352 adeo
599 2301 637 2351 ut
658 2290 838 2353 Concordia
859 2294 947 2352 inter
967 2291 1187 2356 sacerdotium,

237 2397 269 2448 et
289 2387 462 2463 imperium
482 2387 571 2446 nihil
590 2389 634 2446 sit
655 2387 759 2458 atiud,
784 2403 882 2465 quam
903 2385 1059 2444 immanis
1074 2381 1189 2458 conspi-

236 2482 324 2540 ratio
345 2487 461 2539 oontra
481 2483 616 2539 insitam
638 2482 765 2540 homini
792 2481 984 2539 libertatem.
1007 2477 1103 2559 Falso
1125 2472 1189 2534 huic

237 2590 272 2632 ac
294 2573 434 2632 mendaci
455 2573 633 2633 Libertatis
654 2572 771 2632 nomini
792 2572 842 2632 illi
864 2570 977 2632 iactari
998 2569 1126 2629 humani
1145 2581 1190 2644 ge·

237 2665 321 2724 neris
342 2666 464 2742 patron-i
488 2667 702 2727 adiunxerant
721 2666 807 2726 aliud
833 2683 929 2741 aeque
957 2663 1057 2723 fallax
1086 2673 1188 2721 nomeu

237 2761 477 2838 Aequalitatis,
500 2762 586 2820 inter
614 2763 754 2822 homines
776 2761 919 2834 scilicet,
941 2760 1047 2837 quiin
1070 2757 1189 2818 civilem

237 2855 418 2915 societatem
440 2855 593 2928 coierunt,
609 2856 697 2932 quasi
718 2855 768 2914 illi
789 2872 859 2914 cum
880 2854 978 2914 variis
992 2853 1120 2913 obnoxii
1134 2848 1189 2910 sint

237 2949 412 3008 animorum
433 2949 658 3022 affectionibus,
682 2967 718 3008 ac
739 2949 770 3008 in
792 2949 933 3008 diversos
954 2949 1069 3009 abeant
1095 2947 1189 3007 incer·

235 3047 345 3120 touque
376 3061 431 3120 pro
459 3061 516 3103 sua
543 3043 692 3119 cuiusque
713 3042 845 3102 libidine
866 3046 992 3114 motus,
1016 3058 1106 3100 nemo
1127 3053 1187 3098 asse

297 3225 332 3279 (1)
349 3222 441 3271 Prosit
460 3223 550 3270 varbal
569 3222 604 3270 du
624 3221 711 3280 cleros
731 3222 762 3270 de
783 3221 882 3271 runnu
902 3223 979 3280 1745,
1002 3221 1098 3271 Stancs
1114 3218 1187 3268 LVII.

235 3311 294 3358 pag.
308 3302 362 3349 110.
374 3297 707 3359 L'asprltd'indtpeudanoe
723 3301 748 3347 at
764 3301 872 3347 l’amour
888 3299 962 3346 d'una
978 3297 1068 3347 liberti
1084 3293 1189 3345 auuemie

236 3375 268 3421 dc
283 3377 354 3422 toute
370 3373 487 3432 autoritd,
505 3376 551 3422 ont
565 3375 684 3432 touJ‘ours
701 3375 785 3423 animi
801 3378 867 3423 catto
883 3377 965 3433 Secia
982 3377 1008 3422 et
1024 3376 1069 3422 ont
1084 3373 1190 3420 naccon

237 3448 321 3498 uaitre
331 3449 396 3496 dana
413 3451 479 3496 catto
495 3450 615 3509 provinca
632 3448 663 3498 de
679 3451 751 3508 quola
766 3450 840 3498 exodo
855 3451 889 3498 ils
903 3453 962 3498 sont
978 3451 1104 3511 capabloa.
1116 3450 1152 3496 lla
1163 3455 1189 3492 m

236 3528 324 3574 serant
331 3526 395 3574 bona
406 3526 486 3582 autea
496 3526 629 3584 qu'autant
639 3539 687 3585 quc
696 3528 724 3574 la
735 3528 832 3576 crainto
842 3526 879 3575 lat
890 3528 1046 3576 condendae.
