2424 4196
387 251 426 265 -
448 220 507 280 113
527 251 565 267 -

73 321 98 381 6.
124 323 287 390 Quaeritur
308 327 399 385 sexto
419 329 527 386 utrum
548 327 736 388 couveniens
757 327 800 391 sit
821 331 851 390 iu
874 333 957 394 cele·

29 412 128 475 brandis
147 417 354 478 matrimoniis
376 420 623 480 benedictionem
644 423 792 484 catholici
814 429 957 488 sacerdo·

30 504 58 562 tin
74 506 95 564 si
113 508 217 569 haberi
238 511 338 588 possit
359 513 511 590 accipere,
526 517 650 592 qnando
674 513 880 593 impossibilis
907 523 956 581 est

29 604 67 658 aut
95 605 244 663 commode
271 605 380 665 heberi
406 606 515 684 nequit
542 609 719 686 praesentia
743 612 872 688 parochi
906 631 960 675 ca-

28 693 122 756 tholici.
615 698 621 706 '
912 697 914 704 '

68 791 101 850 R.
122 793 314 853 conveniens
334 797 384 854 est
404 795 574 855 sacerdotis
595 797 856 873 benedictionem,
886 799 959 876 qui-

24 895 129 959 cumque
147 885 208 944 iste
222 887 277 960 sit,
293 887 408 946 habere
422 888 456 946 iu
470 888 717 950 circumstantiis
731 890 763 950 in
778 891 957 968 quaestione

24 978 175 1053 propositis.
797 1035 807 1052 „

66 1073 91 1132 7.
121 1074 291 1140 Quaeritur
321 1075 471 1152 septimo,
501 1079 628 1148 utrum,
656 1077 816 1138 celebrato
845 1078 959 1139 matri-

23 1163 104 1224 monio
122 1168 234 1244 absque
264 1169 478 1228 benedictione
499 1169 691 1242 sacerdotis,
713 1188 791 1248 quae
821 1171 958 1232 obtineri

23 1258 185 1334 nequiverit,
208 1260 399 1320 conveniens
420 1261 463 1322 sit
483 1280 521 1322 an
545 1281 604 1322 uon
620 1263 765 1342 supplere
781 1263 892 1324 deinde
907 1265 958 1324 be·

22 1350 202 1412 nedictionom
224 1353 363 1414 eiusdem
384 1354 593 1416 matrimonii.
904 1429 914 1440 .

65 1447 100 1505 R.
120 1447 298 1514 Quaestioni
320 1449 393 1508 huic
414 1448 493 1510 alias
509 1450 697 1528 propositae,
713 1467 894 1528 responsum
909 1454 959 1512 et

22 1535 55 1594 uti
73 1540 208 1618 seqnitur
223 1573 262 1587 -
276 1542 386 1619 fideles
406 1542 584 1604 hortandos
603 1560 676 1616 esse,
699 1551 738 1602 at
758 1561 831 1604 cum
851 1561 957 1604 sacer·

22 1628 85 1690 dotis
102 1637 227 1710 copiam
250 1634 365 1695 babere
376 1643 522 1710 possunt,
537 1637 576 1695 ab
591 1653 625 1696 eo
640 1637 893 1698 benedictionem
903 1653 958 1715 pe-

21 1729 94 1796 tam,·
119 1730 176 1804 qai
197 1735 310 1787 tamem
331 1730 402 1788 illis
422 1728 600 1790 declarabit
621 1730 807 1790 huiusmodi
827 1732 959 1791 benedi·

21 1820 132 1879 ctionem
160 1821 204 1880 ad
233 1821 441 1882 validitatem
468 1824 676 1883 matrimonii
708 1824 844 1883 minime
877 1839 961 1900 per·

21 1911 113 1972 tinere.
129 1945 166 1958 -

63 2005 89 2065 8.
109 2007 231 2067 Octava
244 2005 358 2082 petitio
372 2008 504 2084 respicit
518 2009 720 2071 matrimonia
735 2009 895 2071 celebrata
908 2028 958 2071 co·

19 2109 70 2156 ram
83 2100 223 2176 parochis
238 2099 387 2173 intrusis,
405 2105 525 2178 quando
540 2105 667 2180 parochi
681 2103 816 2182 legitimi
831 2107 888 2164 aut
901 2104 959 2165 alii

20 2195 173 2254 sacerdotes
194 2195 236 2255 de
253 2196 391 2270 parochi
401 2214 458 2257 sen
473 2196 645 2256 Ordimarii
660 2199 796 2264 licentia
809 2200 960 2274 poterunt

20 2286 142 2347 assistere
163 2289 250 2349 hisce
273 2289 493 2349 matrimoniis.
506 2290 677 2357 Quaeritur
693 2293 799 2348 utrum
814 2290 959 2353 hacona-

20 2373 67 2438 lida
85 2381 145 2442 sint
167 2382 221 2442 vel
244 2382 341 2442 nulla.
957 2435 964 2447 .

63 2476 97 2534 R.
106 2475 309 2537 Matrimonia
322 2475 386 2537 ista
398 2477 486 2536 nulla
497 2478 582 2550 sunt3
595 2477 742 2552 nequead
755 2492 862 2536 eorum
873 2477 959 2537 valo·

15 2579 69 2625 rem
85 2573 306 2631 adstruendum
326 2571 455 2647 prodest
471 2570 643 2630 declaratio
655 2570 699 2647 (l)
712 2569 958 2631 BenedictiXIV
1066 2604 1068 2610 .

20 2677 92 2736 snper
110 2668 333 2726 matrimoniis
346 2665 557 2737 Hellamdiae,
574 2665 627 2742 qui
644 2665 753 2726 valida
773 2665 874 2725 edixit
895 2680 962 2724 ma-

19 2753 143 2820 trimonia
164 2761 279 2819 ibidem
302 2758 461 2820 celebrata
482 2776 645 2836 personam
666 2759 853 2819 catholicam
873 2757 960 2816 inter

20 2849 45 2904 et
60 2850 141 2911 aliam
163 2852 357 2912 haereticam
385 2852 499 2927 absque
528 2851 706 2928 praesentia
730 2849 882 2928 parochi,
905 2866 959 2907 sen

19 2955 69 2999 coa
80 2955 207 3006 serrata
221 2947 329 3023 forma
346 2945 537 3004 Tridentini
550 2947 692 3005 concilii.
708 2947 751 3006 Ut
765 2943 847 3003 enim
863 2941 957 3000 omit-

19 3031 108 3096 tuntur
134 3039 218 3098 aliae
243 3038 518 3110 considerationes,
540 3041 662 3096 certum
684 3038 745 3108 est,
767 3035 805 3095 ab
826 3036 960 3111 Aposto-

19 3121 65 3188 liee
82 3133 156 3192 Sede
181 3133 221 3192 ad
243 3131 363 3192 (tallias
391 3137 550 3190 extensam
577 3147 637 3188 non
663 3129 759 3188 fuisse
783 3127 959 3188 Benedicti·

20 3233 73 3278 uam
96 3225 356 3296 declarationem,
385 3223 464 3300 quod
494 3219 703 3281 necessarium
732 3224 815 3280 esset
836 3221 874 3279 ad
896 3224 961 3282 sta·

19 3309 143 3378 tuendam
169 3318 370 3379 validitatem
399 3314 670 3377 matrimoniorum
696 3313 869 3392 dequibus
894 3315 960 3393 agi-

65 3447 96 3500 (1)
112 3449 167 3496 mer
182 3451 200 3497 4
214 3447 351 3498 Novembr.
363 3459 405 3495 au.
426 3446 496 3494 1741.
508 3447 539 3493 Iu
548 3445 647 3495 Bullar.
668 3443 761 3495 Beued.
770 3446 838 3496 xlv.
854 3447 924 3494 Tem.
936 3447 959 3494 Ι.

18 3523 73 3566 luia.
82 3523 193 3572 xmv.

97 3625 153 3678 Vol.
171 3627 215 3677 ΙΙ.
819 3627 835 3676 8
916 3623 918 3629 ’
