2426 4192
26 348 150 408 sationem
162 367 243 410 suam
258 367 421 411 revocasse
431 351 460 411 N
463 349 529 411 obis
539 350 762 423 declaraverit,
773 351 812 410 ob
823 364 952 427 eamque

26 459 122 502 causam
140 443 232 504 Nobis
258 444 435 521 ambigendi
449 439 563 503 'nullus
590 443 634 503 sit
653 444 788 520 amplius
808 445 894 504 locus
915 445 953 502 de

25 543 212 614 perseverante
232 540 368 600 Thomae
390 539 498 600 Antioi
525 538 691 600 voluntate
719 539 751 598 in
773 540 953 616 deponenda

24 629 210 693 cardinalatus
224 632 397 710 dignitate:
421 637 588 710 propterea
608 633 688 705 Nos,
709 631 831 692 auxilio
853 631 952 691 divini

24 719 124 782 luminis
150 725 335 803 implorato,
358 743 394 785 ac
415 724 469 784 diu
494 726 690 801 multumque
711 723 857 783 meditati
878 723 953 801 quid

24 811 45 870 in
62 815 109 875 hac
128 834 217 878 causa
243 819 313 878 fieri
335 836 354 878 a
373 817 471 880 Nobis
498 821 685 896 oporteret,
707 817 834 896 cognito
857 817 953 877 etiam
1017 825 1021 835 “

23 911 218 971 venerabilium
241 914 391 974 Fratrum
412 915 601 974 Nostrorum
627 912 778 985 consilio,
800 929 877 988 quos
897 913 955 972 aut

23 1001 117 1080 alloqui
136 1023 260 1080 eoram,
282 1011 339 1068 aut
359 1025 414 1084 per
436 1007 564 1068 litteras
592 1006 755 1067 consulere
781 1005 952 1082 potuimus,

23 1111 83 1168 oum,
101 1098 276 1160 iustissimis
296 1102 334 1159 de
355 1100 476 1173 causis,
498 1100 704 1160 statuerimus
725 1097 953 1158 abdicationem

22 1185 80 1246 tanc
97 1209 114 1251 a
131 1193 226 1252 Nobis
247 1211 312 1252 esse
333 1193 573 1265 admittendam,
599 1196 634 1252 ut
655 1192 784 1252 valeant
804 1209 882 1268 quae
907 1189 956 1249 di-

21 1278 98 1342 lectus
116 1284 197 1346 iilius
215 1287 352 1346 Thomas
372 1286 479 1346 Antici
501 1303 557 1363 per
578 1303 645 1345 eam
668 1285 818 1344 conticere
840 1283 953 1343 voluit:

20 1376 182 1438 auctoritate
202 1377 426 1456 omnipotentis
444 1379 522 1451 Dei,
545 1381 723 1438 sanctorum
744 1377 954 1454 apostolorum

20 1465 89 1527 Petri
108 1473 139 1530 et
158 1471 263 1544 Pauli,
283 1474 321 1546 et
339 1473 471 1543 Nostra,
495 1470 720 1532 abdicationem
744 1471 957 1530 ThomaeAn·

21 1557 60 1616 tici
78 1565 305 1625 eOardinalatu
327 1565 525 1624 admittimus
546 1565 729 1624 solemniter
750 1569 843 1640 atque
864 1581 955 1622 aoce-

20 1655 128 1726 ptamus.
152 1659 234 1717 Tum
255 1659 406 1717 rhomam
434 1657 542 1718 Antici
570 1657 713 1717 omnibus
735 1657 955 1718 Cardinalatus

20 1750 140 1810 oneribus
152 1751 335 1822 liberatum,
349 1751 458 1822 titulo,
475 1750 698 1827 appellatione,
713 1749 892 1821 honoribus,
906 1749 957 1808 in-

20 1837 154 1920 signibus,
177 1844 380 1922 privilegiis,
403 1843 679 1921 praeeminentiis‚
703 1842 825 1902 iuribus
846 1841 956 1919 quovis

20 1936 86 1993 nodo
96 1939 129 1996 ad
142 1936 331 2016 dignitatem
345 1937 566 2000 cardinalatus
579 1937 804 2013 spectantibus,
817 1954 853 1996 ao
868 1952 958 2012 prae·

20 2028 103 2088 sentim
129 2033 216 2091 vocis
237 2032 359 2092 activae
381 2034 414 2090 et
442 2031 584 2108 passivae
605 2030 638 2089 in
660 2030 814 2090 electione
836 2028 956 2088 Summi

18 2116 154 2182 Pontifiois
183 2140 261 2182 vere
289 2123 478 2200 spoliatum,
501 2125 689 2184 sacramenti
711 2121 957 2199 obligationibus

18 2214 128 2278 alatum
154 2220 368 2280 declaramus:
391 2219 439 2279 ita
466 2223 502 2278 ut
530 2220 666 2279 Thomas
687 2218 813 2290 Antici,
835 2217 957 2294 pridem

18 2305 41 2363 S.
53 2312 85 2369 R.
100 2315 135 2372 a.
151 2312 350 2382 cardinalis,
374 2312 518 2389 deinceps
539 2311 661 2372 censori
683 2311 808 2372 debebit
829 2311 958 2388 perinde

17 2415 42 2458 ao
58 2405 102 2479 qni
124 2404 305 2482 presbyteri
320 2405 440 2481 privati
454 2407 528 2464 sunt
546 2405 667 2464 censeri
688 2406 801 2466 solent.
817 2406 881 2465 Vos
896 2404 959 2466 ita·

16 2509 69 2568 que,
80 2498 275 2558 venerabiles
289 2499 431 2571 Fratres,
445 2516 505 2558 non
520 2499 655 2575 amplius
669 2501 821 2560 'rhomam
836 2498 958 2569 Antici,

15 2589 227 2668 presbyterum,
248 2591 281 2649 in
304 2591 437 2670 collegio
458 2595 565 2652 vestro
585 2593 802 2664 recensebitis,
827 2608 959 2668 eumque

16 2677 170 2745 dandinalis
191 2684 417 2761 appellatione,
434 2685 542 2757 titulo,
558 2685 739 2756 honoribus,
763 2683 959 2761 praerogati-

15 2770 61 2845 vis,
80 2777 258 2854 privilegiis
279 2780 313 2837 et
332 2776 454 2837 iuribus
476 2777 587 2854 quovis
609 2778 700 2837 modo
722 2778 759 2838 ad
775 2776 957 2837 cardinales

16 2867 67 2926 tun
77 2871 319 2946 pertinentibus,
329 2889 369 2930 ex
382 2873 440 2930 hac
455 2872 504 2931 die
516 2889 645 2948 prorsus
660 2871 849 2930 destitutum
864 2872 958 2945 atque

16 2961 160 3032 spoliatum
183 2964 375 3024 iudicabitis.
391 2963 443 3022 Sic
464 2966 502 3023 de
523 2963 691 3041 potestatis
705 2966 839 3025 Nostrae
861 2960 960 3039 pleni·

15 3051 103 3114 tudine
124 3055 321 3116 decernimus
341 3057 435 3131 atque
464 3055 691 3132 praeprimus,
714 3058 748 3114 et
770 3054 861 3114 vobis
874 3056 960 3130 Apo·

14 3144 136 3208 stolioam
159 3148 407 3208 benedictionem
429 3147 642 3208 amantissime
665 3146 875 3224 impertimur.

59 3241 168 3302 Datum
189 3260 230 3301 ex
251 3242 398 3302 coenobio
413 3241 693 3302 carthusianorum
712 3258 807 3318 prope
828 3241 959 3301 Floren-

13 3327 84 3406 tiam,
100 3333 148 3395 die
172 3337 231 3396 VII
251 3334 445 3413 Septembris
467 3335 725 3406 MDGOXGVIII,
748 3334 958 3396 Pontificatua

12 3419 102 3486 Nostri
123 3446 205 3490 anno
226 3430 343 3490 XXIV.
