2430 4202
6 312 171 374 batiocis
192 313 373 374 Gallicanae
395 332 455 374 non
481 315 634 385 incuriae,
659 315 710 375 sed
733 313 918 394 prudentiae
941 313 1001 396 tri·

7 408 202 466 buendum.
218 409 244 466 Ι.
263 407 312 480 17,
327 407 376 480 18,
390 407 440 481 19,
452 407 504 479 25,
514 408 565 466 62.
576 440 592 453 -
603 407 784 468 cardinales
806 405 884 467 facit
899 407 1003 484 parti·

7 502 115 579 cipes
137 519 260 574 eorum,
282 520 359 577 quae
382 502 414 561 in
438 501 544 562 Gallia
566 505 722 578 geruntur
740 506 851 562 contra
869 501 1000 579 religio-

9 613 98 655 nem
127 595 329 655 catholicam.
351 597 375 656 Ι.
401 595 439 657 15
460 597 494 654 et
524 614 608 674 seqq.
632 595 845 656 63.·Duobus
870 594 1002 656 Archia·

8 688 170 766 piscopis
184 689 270 764 ragis
284 689 452 763 ministris,
465 690 585 768 ipsique
599 690 680 767 regi,
695 690 745 750 rel
762 690 800 750 ab
813 709 894 752 anno
907 688 999 762 1790,

11 785 103 842 ante
132 783 239 842 datam
262 783 465 857 sanctionem,
482 784 624 844 declarat
637 783 901 846 constitutionem
922 781 1003 841 ciri·

11 877 91 936 lem
117 894 138 935 a
161 893 193 935 aa
214 876 387 953 reprobari.
405 880 429 938 Ι.
444 878 496 944 22.
513 879 565 952 24,
581 879 631 939 27.
644 877 747 937 -Eius
771 877 944 938 tolerantia
968 875 1001 934 in

12 968 152 1030 Galliis
174 970 212 1028 ab
232 969 355 1046 aliquot
378 970 480 1030 annis.
500 971 525 1030 Ι.
545 972 595 1043 31,
619 971 669 1032 32.
683 970 788 1030 ·Eius
814 970 912 1030 officia
925 970 1003 1028 iam·

17 1065 154 1124 dudum
175 1062 318 1123 adhibita
338 1067 419 1141 apud
440 1065 634 1124 Ludoricum
649 1065 725 1124 XVI
746 1069 929 1142 ceterosque
951 1083 1003 1124 su-

14 1173 160 1235 premos
180 1155 338 1233 principes
359 1161 470 1218 contra
484 1175 599 1234 pravos
614 1156 723 1216 libros.
738 1157 818 1218 Ibid.
831 1191 847 1203 -
857 1160 933 1218 Eius
949 1159 1004 1216 do-

14 1251 76 1310 lor
103 1267 180 1326 rege
198 1250 311 1310 adacto
325 1252 364 1309 ad
379 1249 577 1310 sanciendam
591 1250 857 1311 Constitutionem
873 1250 1002 1310 civilem

16 1342 124 1404 cleri.
135 1343 160 1401 1.
171 1341 211 1401 37
225 1346 259 1402 et
276 1342 499 1420 seq-Sapiens
514 1343 582 1404 eius
593 1343 752 1403 cunctatio
766 1344 798 1402 in
814 1343 1002 1405 declaranda

17 1438 141 1516 palam
163 1437 248 1496 omni
262 1437 384 1498 Galliae
399 1437 555 1497 doctrina.
574 1439 599 1497 Ι.
615 1437 666 1498 39.
680 1467 694 1482 ·
704 1437 811 1498 Gallos
826 1438 921 1497 habet
935 1437 1004 1497 rel-

19 1531 78 1591 uti
111 1529 197 1589 filios
225 1532 372 1608 deceptos
389 1530 495 1608 potius
519 1546 610 1607 quam
631 1530 786 1604 rebelles3
814 1534 923 1606 sperat
950 1549 1004 1590 eos

20 1623 111 1702 ipsis
139 1622 297 1683 aerumnis
322 1626 361 1684 ad
386 1623 573 1700 religionem
599 1641 795 1684 reversuros.
813 1626 837 1684 Ι.
854 1624 905 1697 39,
922 1624 971 1685 40.
984 1655 1003 1670 -

21 1720 148 1791 Garat,
157 1736 196 1776 ne
211 1717 369 1778 sententia
383 1735 439 1778 sua
453 1717 640 1795 praeveniat
651 1717 825 1778 sententias
835 1717 1003 1795 Episcopo-

21 1829 105 1871 ram
125 1811 162 1871 ad
184 1811 406 1871 obstruendum
428 1829 461 1871 os
482 1811 919 1889 pseudo-philosophoruml.
932 1812 1000 1872 124.

21 1908 215 1978 -Paterne‚
236 1906 289 1964 sed
311 1923 421 1966 serere
443 1906 647 1982 reprehendit
670 1924 776 1983 regem
800 1908 930 1982 propter
951 1905 1003 1964 da-

24 2006 101 2062 tam
132 1999 333 2060 sanctionem.
351 2001 376 2060 1.
395 2000 454 2060 125
472 2003 505 2060 at
520 2018 584 2077 seq.
596 1999 686 2077 -lpsi
711 2001 865 2077 promissa
890 2016 946 2058 sua
970 1998 1003 2057 in

23 2092 236 2154 coronatione
259 2095 391 2152 revocat
413 2093 445 2151 in
468 2097 614 2152 mentem.
637 2093 661 2151 Ι.
687 2093 745 2153 126
766 2095 800 2152 et
821 2109 912 2167 seq·
927 2090 1003 2151 Itius

23 2187 174 2250 charitas
196 2187 228 2246 in
248 2185 491 2248 Aveniouensea.
505 2189 531 2246 I.
544 2186 615 2259 176,
629 2186 698 2257 184,
711 2185 784 2259 308,
799 2184 895 2246 303-
905 2185 1004 2251 Quam

24 2283 149 2342 firmus
161 2281 194 2340 in
209 2279 385 2340 retinendis
403 2279 525 2339 iuribus
544 2279 746 2356 Apostolicae
767 2278 858 2338 Sedis
871 2279 903 2337 in
917 2280 1003 2338 Are-

28 2375 186 2435 nione-et
206 2373 375 2436 comitatu.
399 2375 477 2434 Ibid.
495 2377 529 2434 et
548 2392 612 2451 seq.
624 2405 645 2420 -
659 2372 859 2452 Indulgentia
871 2373 1005 2434 Nicaeni

29 2467 166 2529 concilii
182 2468 287 2528 utitur
308 2485 385 2546 erga
406 2467 538 2528 clericos
554 2467 848 2530 Constitutiouales.
864 2467 889 2526 1.
902 2465 974 2526 321.
987 2496 1005 2509 -

30 2563 204 2640 Sapientes
232 2561 300 2622 eius
334 2563 442 2640 leges,
471 2565 505 2622 et
535 2563 696 2623 cautiones
728 2563 760 2622 in
796 2557 1003 2621 admittendis

28 2655 161 2716 clericis
176 2654 282 2716 Gallia
302 2654 531 2714 exsulantibus.
548 2657 589 2715 ΙΙ.
605 2657 636 2716 2.
649 2657 819 2717 -Paterna
840 2654 908 2713 eius
928 2667 1006 2728 erga

27 2765 86 2809 eos
108 2747 300 2808 sollicitudo.
314 2749 354 2807 ΙΙ.
365 2747 395 2807 5.
406 2777 423 2792 -
434 2745 509 2806 Eius
523 2745 679 2808 fortitudo
694 2748 803 2818 animi,
820 2745 923 2806 Gallia
943 2746 1007 2802 sta-

29 2841 83 2902 tui
105 2840 275 2900 Pontificio
291 2839 539 2900 imminentibus.
550 2843 575 2900 Ι.
590 2839 661 2912 354,
674 2841 746 2914 356,
763 2840 833 2900 357.
843 2870 858 2882 -
868 2839 901 2897 S.
911 2835 962 2896 Pii
977 2837 1006 2895 V

30 2935 214 2996 aemulator
234 2953 323 2996 arma
345 2939 419 2995 tuno
442 2931 587 3011 precibus
601 2933 755 3010 adiungit.
772 2936 796 2993 Ι.
813 2933 885 2992 356.
900 2929 1004 2990 -Eius

31 3027 189 3089 allocutio
204 3031 242 3089 ad
254 3028 436 3090 cardinales
453 3030 490 3088 dc
505 3044 579 3086 noce
606 3026 768 3087 Ludovico
795 3027 870 3086 XVI
896 3023 1001 3083 illata.

31 3120 76 3180 ll.
95 3120 133 3180 16
148 3125 181 3181 ot
195 3139 278 3199 seqq.
289 3155 302 3167 -
314 3124 474 3198 Responsa
494 3120 535 3180 ab
555 3120 621 3197 ipso
643 3122 718 3179 data
732 3118 831 3179 variis
846 3115 1003 3196 quaestio·

33 3211 138 3273 nibus.
155 3216 196 3274 ll.
213 3215 265 3288 82,
281 3214 320 3274 84
343 3219 376 3274 et
397 3232 481 3292 seqq.
494 3213 737 3274 -Inramentum
767 3212 828 3272 odii
856 3213 1008 3273 adversus

32 3306 250 3367 Monarchiam
266 3306 359 3366 virae
374 3306 462 3366 vocis
477 3306 605 3366 oraculo
621 3307 749 3366 damnat
761 3308 859 3367 Roma
874 3304 906 3364 in
924 3301 1009 3363 exsi-

36 3400 118 3461 lium
139 3399 348 3460 abducendus.
366 3402 405 3460 ΙΙ.
422 3400 494 3461 217.
508 3399 620 3465 -Quid
643 3401 679 3460 de
702 3399 880 3460 iuramento
907 3396 1009 3458 fideli·

34 3491 115 3553 tatis
138 3492 333 3571 praescripto
355 3509 374 3554 a
394 3493 627 3556 constitutione
648 3495 790 3554 Romana
811 3488 1003 3553 decreverit.
