2424 4196
636 222 814 284 -114-

247 336 301 396 tur
322 333 353 391 in
376 331 545 402 Memorio,
561 329 601 390 iis
616 329 739 390 scilieet
752 349 830 407 qnae
845 332 1050 392 celebrantur
1064 351 1130 392 noa
1141 349 1182 391 ser·

246 435 327 488 uoto
346 427 454 502 formo
473 426 677 500 praescripta
691 440 713 482 o
729 424 925 485 Tridentino
940 423 1102 497 Concilio,
1117 443 1182 502 qnan-

245 518 406 580 dehaberi
425 520 530 595 potest
541 515 720 593 praesentia
734 517 863 592 parochi
877 517 1042 589 catholici,
1057 537 1115 578 seu
1127 517 1183 578 nlius

246 613 418 676 sacerdotis
438 612 477 670 de
488 610 627 686 parochi
639 627 695 670 reo
710 609 885 671 ordinarii
901 614 1049 672 licentio.
1061 614 1183 681 Quamvis

244 725 322 767 vero
336 705 513 766 huiusmodi
526 703 728 763 matrimonia
741 704 831 764 nulla
844 705 920 777 sint,
942 713 1181 783 peropportunum

246 805 351 862 tamen
373 799 448 870 erit,
465 797 544 857 utin
559 797 681 858 casibus
696 797 905 873 peculiaribus
921 796 1035 858 talium
1049 800 1181 861 matrina

244 895 370 955 niorum
381 908 460 969 quae
472 891 605 950 nulliter
619 890 781 952 celebrata
790 898 876 964 sunt,
893 893 932 950 ad
946 891 1060 950 Senem
1077 894 1182 970 Aposto-

245 988 339 1048 licam
360 985 557 1055 recurratur,
572 981 724 1058 expositis
746 982 889 1042 omnibus
909 983 985 1043 iacti
1005 983 1180 1052 circumstat·

244 1081 312 1152 tiis,
331 1096 392 1155 quo
414 1077 498 1138 iacto
517 1075 605 1136 dabit
622 1076 739 1136 Eadem
762 1077 954 1152 opportunas
978 1077 1178 1154 providentias.

304 1174 395 1234 XXII
415 1169 535 1247 Aprilis
555 1169 758 1232 MDGGXOV.

633 1355 813 1412 xxxrv.

577 1456 610 1524 D
631 1456 664 1524 U
686 1456 717 1524 B
740 1456 758 1522 Ι
781 1455 814 1522 U
835 1455 872 1523 Μ

537 1585 682 1669 snnno
704 1609 919 1678 oonrrnrur
941 1681 943 1688 ,

404 1795 444 1838 ΑΒ
463 1794 700 1837 ΑΒΟΗῙΕΡΙΒΟΟΡΟ
729 1794 902 1837 VIENNENSI
929 1797 1127 1844 Pnorosmm

555 1927 762 2002 Rectissime
781 1929 896 1987 Pater.

302 2106 379 2167 Oum
392 2103 498 2165 debite
519 2100 712 2174 humilitate,
729 2118 784 2160 nec
798 2101 918 2161 minore
932 2101 1059 2178 fidncia,
1075 2102 1181 2166 Archia·

242 2201 386 2278 piscopns
407 2197 606 2270 Viennensis,
623 2199 659 2257 ad
676 2198 768 2272 pedes
783 2197 971 2256 sanctitatis
986 2199 1119 2259 Vestrae
1132 2214 1182 2274 pro

241 2291 385 2362 volutus,
407 2288 556 2351 veritatis
576 2290 678 2348 lucem
700 2288 843 2364 pluribus
858 2289 1036 2350 Galliarum
1057 2288 1181 2354 Ecclesiis

241 2383 448 2444 neeessariam
471 2382 606 2458 requirit
627 2400 666 2440 ex
688 2399 742 2440 ore
762 2381 849 2440 Eius.

300 2474 437 2552 Legibus
457 2475 548 2551 regni
569 2474 757 2547 Galliarum,
770 2492 809 2534 ex
831 2475 962 2550 pecunia
984 2494 1042 2536 non
1066 2477 1180 2537 alienate

240 2567 482 2646 praestationem
504 2586 639 2630 annuam
660 2569 788 2645 exigere
810 2568 959 2643 vetitum3
985 2589 1084 2648 neque
1098 2575 1180 2632 tamen

240 2661 354 2739 ubique
368 2665 474 2722 eadem
483 2663 539 2721 hac
552 2664 589 2722 de
601 2681 635 2722 re
644 2663 932 2723 Portumeotorum
942 2664 1178 2742 iurisprudentin,

240 2775 318 2834 quae
333 2758 457 2833 quidem
471 2757 541 2833 plns
563 2755 705 2816 minusve
720 2755 804 2815 hisce
819 2756 909 2833 regni
925 2758 1048 2836 legibus
1061 2759 1177 2819 favebat:

240 2851 303 2911 imo
325 2850 357 2910 in
379 2850 560 2926 quibusdam
582 2848 753 2924 provinciis
781 2849 875 2909 istam
897 2867 1033 2911 annuam
1062 2853 1178 2930 praesto

239 2945 357 3005 tionem
380 2943 534 3020 stipulare
556 2942 812 3018 permittebatur.

300 3041 379 3114 [leus
393 3042 499 3097 autem
520 3035 668 3112 exigendi
687 3036 719 3094 in
733 3035 918 3102 civitatibus
932 3055 1009 3113 quas
1020 3033 1179 3098 commercii

238 3132 366 3203 vocant,
382 3131 429 3191 ita
442 3129 634 3201 invaluerat,
652 3131 688 3186 ut
701 3128 900 3189 confessariis
920 3130 1111 3206 poenitentes
1123 3141 1178 3186 snos

239 3224 277 3283 ad
299 3222 460 3282 meliorem
482 3221 604 3297 frugem
626 3212 794 3280 revocandi
816 3220 922 3295 nulla,
945 3225 1003 3282 aut
1024 3223 1088 3282 iere
1105 3218 1179 3279 nullo

238 3315 411 3392 probabilis
432 3332 502 3390 spes
522 3312 699 3390 affulgeret.

298 3409 406 3482 Neque
426 3408 522 3468 etiam
545 3406 763 3480 omittendum,
787 3425 848 3465 non
869 3407 1053 3481 mediocres,
1074 3408 1180 3484 postre-

238 3490 297 3560 mis
318 3500 402 3559 hisee
424 3499 627 3577 temporibus,
650 3499 802 3560 casuistas
823 3500 921 3576 inter,
937 3502 975 3561 de
997 3504 1054 3563 hac
1073 3497 1180 3580 gravis·
