2424 4196
33 317 102 394 pulis
121 317 192 376 hinc
214 318 286 378 inde
308 318 525 392 circumactis3
543 321 622 378 unde
640 319 757 379 Paulus
779 337 839 379 non
861 321 898 378 de
920 318 983 380 sin-

33 410 100 486 gulis
122 410 332 488 principibus,
356 413 407 471 sed
431 413 468 470 de
490 429 523 470 re
545 411 614 488 ipsa
634 410 778 488 loquens,
801 411 980 487 dicitquod

32 507 112 564 nulle
138 513 183 564 est
203 513 342 580 potestus
363 507 463 564 cisia
478 505 553 575 Deo,
571 505 713 581 quodque
727 507 787 580 qui
800 507 831 565 ci
844 508 977 577 resistit,

32 597 80 656 liei
99 598 309 658 ordinationi
329 602 471 659 resistit:
488 598 585 658 nolite
600 614 721 669 errare,
738 598 797 658 filii
812 599 979 666 carissimi,

32 707 55 748 nc
81 692 136 750 sub
164 691 295 768 pietatis
320 693 423 752 colore
453 692 634 752 novitatum
659 692 842 752 auctoribus
874 710 979 752 ansam

30 785 167 860 praebere
196 785 381 866 catholicam
412 784 596 862 religionem
625 784 839 862 vituperandi.
869 787 903 846 ln
925 805 980 846 vos

23 880 128 956 quippe
150 881 270 956 grande
291 880 391 940 scelus
420 880 636 956 susciperetis,
659 881 737 956 quod
760 897 818 940 non
842 880 940 939 solum
963 899 981 940 a

30 973 229 1047 potestatibus
244 973 456 1032 saecularibus
475 972 693 1042 ulcisceretur,
710 972 884 1046 sedetiam,
900 975 980 1049 quod

30 1067 188 1125 maximum
216 1070 283 1138 est,
307 1069 389 1126 Deus
417 1084 477 1125 non
507 1066 593 1125 lares
615 1068 666 1125 sed
696 1066 848 1126 maximas
868 1083 981 1143 poenas

29 1164 189 1236 repeteret,
213 1163 272 1238 qui
293 1163 380 1220 enim
399 1163 553 1236 potestati
573 1162 740 1232 resistunt,
758 1162 822 1236 ipsi
842 1163 904 1220 sibi
925 1162 982 1220 da-

28 1254 219 1311 mnationem
241 1254 430 1329 acquirunt.
445 1253 618 1312 Hortamur
639 1252 745 1328 itaque
768 1270 833 1323 vos,
857 1252 917 1311 filii
933 1252 982 1311 di·

29 1345 196 1416 lectissimi,
212 1362 266 1421 per
288 1346 388 1404 lesum
411 1344 573 1405 Christum
587 1345 751 1405 Dominum
774 1349 930 1417 nostrum,
947 1350 983 1404 ut

28 1438 102 1497 omni
122 1437 226 1497 studio
248 1437 392 1514 omnique
420 1438 589 1498 alacritate
610 1444 644 1499 et
664 1439 863 1498 contentione
884 1437 982 1514 impc-

28 1531 163 1590 rantibus
184 1532 309 1608 obsequi
332 1531 496 1592 studeatis.
521 1532 572 1592 Sic
593 1531 675 1591 enim
697 1551 716 1590 a
737 1531 824 1591 robis
845 1534 908 1592 Deo
931 1533 983 1590 de-

29 1622 118 1683 bitum
141 1624 354 1700 praestabitur
375 1624 568 1701 obsequium,
584 1642 619 1684 ac
644 1623 694 1683 illi
709 1625 982 1684 orthodoxam-re-

28 1714 166 1792 ligionem
188 1719 225 1778 ad
248 1717 353 1794 legum
376 1718 518 1778 civilium
544 1718 739 1778 aversionem
762 1717 889 1776 minime
911 1734 983 1782 con·

28 1810 164 1869 stitutam
194 1828 260 1869 esse
281 1811 381 1888 magis
407 1811 567 1888 magisque
589 1811 830 1888 intelligentes,
853 1811 891 1869 ad
913 1827 980 1870 eam

28 1900 182 1961 fovendam
211 1904 419 1980 tuendamque
451 1921 507 1981 per
532 1903 768 1980 implementum
802 1901 980 1961 divinorum

19 2003 258 2072 praeceptorum
279 2000 313 2056 et
333 1999 452 2058 cultum
468 1998 697 2058 ecclesiasticae
713 1996 897 2073 disciplinae
912 1995 984 2056 alli·

28 2089 155 2149 cientur.
170 2092 307 2168 Denique
330 2111 385 2151 vos
406 2092 539 2152 monitos
562 2093 718 2163 volumus,
742 2092 778 2150 ut
798 2090 982 2166 quicumque

29 2182 194 2258 oppositam
216 2184 394 2244 doctrinam
416 2185 635 2262 evulgaverit,
659 2187 816 2260 tamquam
844 2184 882 2242 ab
903 2185 984 2258 Apo-

29 2275 131 2334 stolica
153 2276 210 2334 bac
232 2277 310 2336 Sede
332 2275 496 2349 traditam,
512 2277 630 2337 nullam
647 2277 737 2336 fidem
758 2276 910 2336 habeatis:
928 2293 984 2334 vo-

28 2365 128 2444 bisque
151 2369 363 2446 Apostolicam
386 2374 609 2448 paternamque
630 2370 884 2430 Benedictionem
913 2388 982 2447 per-

17 2470 165 2524 amanter
187 2465 397 2541 impertimur.

83 2561 197 2618 Datum
219 2561 348 2631 Romae,
371 2560 450 2636 apud
473 2560 506 2618 S.
522 2557 653 2618 Mariam
676 2557 839 2630 Maiorem,
855 2559 911 2617 sub
926 2577 983 2618 an-

17 2649 97 2708 -nulo
117 2651 301 2725 Piscatoris,
321 2652 372 2711 die
386 2653 415 2711 V
436 2651 509 2712 lulii
530 2652 750 2723 MDGGXOVI,
773 2651 981 2713 Pontificatus

29 2740 133 2802 Nostri
156 2762 236 2804 anuo
257 2746 373 2805 XXII..

392 2837 433 2898 R.
458 2834 554 2897 Cart.
571 2835 749 2896 Brascbius
763 2835 801 2895 de
815 2836 977 2897 Honestis.
