2426 4192
226 348 412 410 agnoscam,
435 333 532 392 bonne
554 332 713 393 voluntati
736 349 823 391 meae
851 330 954 389 media
974 344 1059 404 saepe
1079 324 1166 382 minus

226 430 478 504 correspondens,
495 445 586 505 quam
608 428 647 487 ub
669 428 738 504 ipsa
758 425 910 504 exigitur,
934 437 1109 501 persuasum
1121 420 1168 479 hc·

227 520 299 580 bees
320 521 429 594 velim,
452 523 568 582 Rever.
584 526 679 599 etque
700 516 1059 590 Exce11.1)omine‚fore
1079 518 1111 574 ut
1128 531 1166 584 ec,

227 631 305 689 qnae
326 631 345 672 e
365 615 410 672 Te
432 614 469 672 de
492 614 559 691 ipso
579 614 664 675 fonte
687 616 800 674 haustu
821 628 940 672 mecum
962 607 1168 670 communiente

226 704 368 777 fuerint,
392 709 524 782 tuaeque
552 708 715 767 doctrinae
743 707 849 767 lumen
869 709 964 782 utque
996 701 1167 765 adiutorium

226 800 363 859 maximo
382 817 505 877 semper
525 800 558 859 in
580 802 682 878 pretio
702 820 722 863 a
743 819 791 860 me
813 799 1000 859 habeantur.

287 894 403 951 Precor
423 892 652 953 Excellentiam
667 897 780 966 Tuum,
796 897 833 954 nt
849 896 995 969 acceptas
1008 877 1124 951 'habere
1134 887 1169 945 di-

181 979 184 984 ’
227 988 343 1062 gnotur
356 985 495 1045 sinceras
510 986 684 1062 gratiarum
698 987 838 1047 actiones
859 1003 941 1052 mess
958 1002 1016 1062 pro
1037 995 1168 1057 eo,qnen

226 1095 259 1137 so
279 1077 415 1154 optimae
443 1097 519 1156 erga
541 1097 589 1138 me
610 1080 824 1156 dispositionis
849 1079 990 1138 favorem
1010 1091 1114 1155 gerere
1132 1075 1169 1132 te-

226 1172 349 1244 stetur,
372 1170 528 1248 simulque
549 1171 742 1231 certissimos
763 1170 920 1248 perlectos
940 1165 1169 1232 existimationis

227 1281 346 1336 sensns,
367 1264 550 1340 quibuscum
571 1265 764 1336 subscribor,

286 1357 575 1417 Excellentissimos
605 1375 641 1416 sc
670 1355 962 1418 Reverendissimse
996 1355 1169 1416 Dominetio·

227 1449 275 1509 nis
296 1450 392 1520 Tuae,

286 1549 406 1608 Essert.
423 1547 530 1606 XXXI
551 1547 628 1607 Maii
652 1547 871 1610 Mncoxoix.

472 1638 676 1698 Humillimus
697 1657 731 1699 ac
752 1639 1050 1716 obsequentissimus
1071 1641 1167 1700 891111

631 1769 826 1830 Franciscns
847 1772 1026 1844 Antonine,

438 1899 443 1909 ‚
572 1866 741 1946 Episcopus
762 1885 798 1928 ae
820 1867 971 1946 Princeps
991 1866 1167 1929 Leodiensis.

649 2101 763 2158 mxv.
1158 2079 1161 2094 '

556 2217 854 2287 EDICTUM

437 2437 664 2498 LAURENTII
685 2438 735 2497 DE
757 2436 965 2498 DOMINIGIS

265 2637 326 2698 Dei
346 2645 377 2700 et
389 2637 530 2700 Sanctae
544 2639 635 2700 Sedis
654 2643 859 2716 Apostollcae
879 2642 1004 2718 pratia,
1022 2640 1138 2701 Hortae

396 2742 427 2795 et
448 2733 602 2796 Ciuitatis
624 2733 828 2797 castellanae
841 2736 1005 2814 Episcopi.

207 2980 226 3006 ι
282 2940 373 3002 Licet
388 2939 571 3018 praeteritis
584 2940 777 3000 calamitosis
791 2939 927 3000 extincti
950 2940 1112 3018 regiminis
1128 2953 1167 2995 re·

223 3034 379 3111 publicani
392 3034 596 3112 temporibus,
608 3034 699 3094 iuxta
710 3033 879 3093 celebrium
891 3037 1086 3111 quorundam
1100 3033 1168 3094 theo·

223 3127 366 3205 logcrum
389 3127 584 3204 opinionem,
606 3127 761 3186 creditum
783 3126 883 3186 fuerit
903 3144 971 3186 esse
993 3126 1116 3188 licitum
1132 3124 1168 3181 in·

223 3223 400 3280 rumentum
434 3219 533 3297 ipsius
566 3220 796 3281 Constitutione
827 3220 1085 3298 praescriptum,
1115 3231 1166 3278 cnn

224 3317 333 3389 postea
350 3330 438 3372 suam
460 3315 595 3372 mentem
616 3313 653 3371 de
668 3312 725 3372 illo
738 3311 900 3388 aperuerit
913 3312 1017 3389 Caput
1030 3310 1168 3373 sceleste

222 3398 361 3479 risibile,
383 3408 529 3467 Summus
550 3405 698 3466 Pontifex
719 3407 848 3478 Noster,
870 3410 996 3466 sanctes
1019 3403 1167 3466 memorie

223 3499 299 3560 Pius
319 3501 406 3576 Papo
420 3501 475 3573 Vl,
490 3498 522 3558 in
537 3499 692 3559 Brevibus
713 3499 902 3560 Florentiae
916 3517 1021 3560 mense
1043 3494 1168 3562 buente
