2424 4196
629 184 809 246 .4Q-

236 293 400 372 episcopis,
415 296 450 352 et
470 291 656 355 dioecesium
668 291 984 353 ¹administratoribus
1002 293 1183 372 prorogatio

239 408 308 450 uem
320 386 457 449 omnium
467 387 722 464 singularumque
732 388 1061 450 extraordinariamm
1070 381 1196 449 seculus

238 485 318 554 tum,
328 497 406 558 quae
420 479 452 538 in
468 481 726 556 praecedentibus
739 480 1196 558 ludultiscomprchenduutnn

235 573 495 651 ‚idqueooncedit
516 573 627 634 iisdem
654 573 776 651 le'gibus
797 578 831 634 et
850 575 1103 648 conditionibus,
1123 591 1196 650 quae*

239 667 396 746 prioribus
417 665 551 727 Indultis
565 666 696 726 fuerunt
715 667 889 744 appositae,
905 686 1046 746 quaeque
1066 653 1196 728 declara-i

241 764 293 821 tae
313 760 444 819 fuerunt
463 759 494 818 in
517 759 741 836 prorogatione
763 760 825 820 diei
849 761 887 822 10
908 761 1091 822 Decembris
1113 741 1196 821 iacal

299 853 448 920 Quoniam
472 869 548 912 vero
563 853 746 928 praeteritis
768 854 960 931 temporibus
976 854 1096 914 factum
1110 871 1183 930 quan·

240 948 339 1023 doque
360 951 427 1020 est,
452 951 487 1006 ut
507 945 622 1022 aliquis
642 946 823 1022 episcopus,
846 952 902 1008 aut
923 948 1070 1008 vacantis
1089 947 1184 1008 dioeoe

240 1042 284 1102 sis
312 1040 552 1102 administrator
579 1040 617 1099 ob
645 1040 780 1100 liberum
804 1041 1047 1122 tabellariorum
1080 1057 1182 1100 oursnn

240 1133 468 1212 praepeditum,
481 1131 624 1194 Litteras
635 1133 822 1194 facultatum
838 1133 1098 1212 prorogationem
1109 1129 1184 1192 cond·

241 1230 352 1288 nentes
373 1225 511 1302 recipere
528 1223 666 1303 tempore
687 1230 861 1303 opportuno
875 1245 935 1285 non
950 1228 1107 1303 potuerit,
1121 1242 1182 1284 ean-

240 1338 300 1396 que
321 1317 359 1378 ob
380 1336 446 1378 rem
467 1319 499 1377 in
521 1336 640 1391 summa
661 1307 776 1378 rerum',
789 1319 935 1395 angustia
956 1323 989 1380 et
1017 1318 1182 1380 difficultate

240 1417 384 1474 versatus
405 1412 517 1486 fuerit3
539 1412 612 1472 hinc
632 1414 739 1472 eudem
761 1411 921 1472 Sanctitas
941 1413 1024 1486 Sua,
1051 1418 1090 1473 ut
1109 1406 1181 1470 simili

241 1506 451 1584 inposterum
474 1505 665 1565 incommodo
687 1508 855 1580 occurrat,
879 1504 1044 1579 omnium,
1070 1501 1183 1580 singula·

242 1617 372 1676 rumque
394 1599 721 1659 extraordinariorum
740 1599 926 1660 facultatum
950 1597 1055 1685 nuper
1072 1611 1180 1658 comne-

241 1693 436 1753 moratarnm
450 1694 705 1771 prorogationem
719 1693 862 1754 concedit
877 1711 935 1752 non
958 1694 995 1752 ud
1011 1691 1135 1770 aliquod
1148 1688 1182 1744 dt·

240 1785 365 1846 finitum
387 1789 527 1863 tempus,
544 1788 595 1846 sed
617 1788 816 1863 quoadusque
837 1787 876 1847 ab
897 1789 1004 1846 eadem
1025 1782 1179 1846 Sanctitate

240 1880 305 1939 Sua
325 1882 527 1940 revocentur.
684 1935 686 1939 .

300 1977 415 2034 Datum
447 1991 486 2034 ex
518 1975 656 2035 Aedibus
691 1973 854 2034 Vaticanis
892 1973 941 2032 die
969 1975 1000 2034 X
1026 1968 1180 2035 Decembris

242 2068 446 2130 Moooxov.

703 2161 743 2219 F.
759 2161 799 2222 X.
818 2159 916 2224 θανά.
932 2163 971 2222 de
983 2162 1013 2221 Ζ
1015 2163 1122 2223 elada.

615 2329 833 2391 xum..

555 2449 749 2493 muraneum
769 2449 889 2493 rasum

479 2539 734 2642 nnnxnrmeo
756 2581 960 2642 nuonmco
1049 2543 1051 2550 ’

501 2729 748 2806 Arcbiepiscopo
768 2729 944 2789 Rhomenci

453 2881 624 2962 PIUS
669 2882 860 2960 ΡΑΡΑ
912 2882 981 2959 VI.

354 3045 443 3102 Van.
464 3043 598 3114 Frater,
620 3042 772 3101 Salutem
794 3047 829 3101 et
850 3041 1091 3113 apostolicum

574 3140 869 3200 Benedlottonem.

303 3281 453 3344 Reddidit
472 3281 572 3343 Nobis
590 3279 788 3341 Venerabilis
807 3282 923 3342 Frater
944 3278 1178 3344 Franciscuslr

244 3375 456 3455 chlepiscopus
477 3373 646 3445 Albiensia
663 3372 789 3433 litteras
810 3373 1039 3434 Fraternitatis
1062 3381 1129 3436 tuac
1144 3366 1176 3426 dit

243 3471 266 3530 8.
283 3471 461 3531 Decembris
481 3471 582 3542 datas,
605 3483 681 3545 quas
701 3469 734 3527 et
755 3467 950 3544 perlibenter
969 3457 1177 3546 accepimuqel
