2426 4192
632 193 809 254 -204-

279 298 323 357 De
344 295 607 358 Archidiaconatu
621 303 754 359 vacante
769 301 801 359 in
816 303 966 362 Ardcnna
979 303 1057 380 quod
1070 322 1154 380 rogas,

220 392 247 451 si
268 389 363 454 Nobis
384 392 448 451 erit
468 391 627 468 integrum
650 410 749 470 neque
771 395 871 453 adhuc
893 413 931 455 ea
952 395 1088 472 Dignitas
1106 397 1157 455 col-

220 487 288 546 lata
308 487 361 558 sit,
385 485 552 545 habebitur
573 485 656 544 ratio
678 487 902 562 postulationis
924 491 1008 548 tuae.

279 580 350 638 Tibi
363 598 450 651 vero,
464 578 578 638 dilecte
589 578 654 638 Fili
669 581 797 656 Noster,
815 584 850 640 ut
865 598 900 639 eo
915 601 975 659 quo
990 583 1063 644 iacis
1074 583 1156 644 studio

221 674 253 733 in
273 673 372 733 tantis
391 672 548 732 Ecclesiae
573 673 722 748 periculis
748 673 897 751 gregibus
919 674 991 735 istis
1014 677 1157 753 providere

218 784 343 844 pergas,
366 765 506 825 divinam
526 783 613 842 opem
636 785 654 826 a
681 769 743 826 Deo
776 765 867 827 enixe
896 771 1111 844 adpreoamur3
1132 775 1157 828 el

219 859 432 936 'Apostolicam
457 858 709 918 Benedicticnem
735 860 849 942 pignus
875 866 1026 938 paternae
1048 864 1157 922 beneco

220 952 336 1012 leutiae
354 953 489 1012 Nostrae
511 957 710 1028 peramanter
733 952 944 1029 impertimur.

286 1047 400 1104 Datum
430 1064 469 1104 ex
496 1045 650 1105 Coenobio
671 1048 956 1108 Carthusianorum
982 1067 1075 1125 prope
1099 1047 1158 1107 Flo-

219 1137 355 1197 rentiam
376 1139 426 1197 dic
448 1139 476 1196 V
496 1140 634 1199 Ianuarii
656 1142 874 1213 ΜΒΟΟΧΟΙΧ,
888 1141 1091 1202 Pontificatus
1103 1143 1152 1202 No·

219 1229 278 1289 stri
299 1248 379 1290 anno
399 1232 514 1291 XXIV.

647 1385 752 1440 laxl.

530 1512 724 1556 vnunaaamr
745 1513 864 1557 narrar

577 1645 818 1704 OCTAVIO

456 1792 702 1870 Arcbicpiscopo
723 1792 936 1853 Nazianzeno

428 1944 598 2025 PIUS
645 1946 835 2022 PAPA
888 1947 957 2022 Vl.

329 2108 417 2165 Ven.
438 2107 572 2177 Frater,
594 2107 746 2164 Salutem
769 2111 803 2165 et
823 2107 1059 2176 apostolicam

549 2205 844 2263 Benedictionem.

274 2338 299 2414 F]
322 2354 431 2431 giunto
453 2374 472 2414 a
490 2357 609 2416 Nostra
631 2355 747 2416 notizia
768 2357 824 2414 che
846 2356 1030 2434 monsignor
1051 2350 1155 2416 Passeri

216 2447 469 2509 uell'assentarsi
491 2449 530 2508 da
550 2453 629 2508 costi
650 2449 742 2509 abbia
757 2455 923 2526 surrogato
944 2452 977 2511 la
999 2453 1031 2510 di
1045 2451 1084 2512 lei
1097 2452 1155 2509 Per·

217 2560 292 2602 sona
304 2540 477 2601 nell'offioio
489 2542 520 2600 di
533 2543 741 2619 Vioegerente
753 2543 784 2601 di
796 2547 894 2604 Roma
907 2564 924 2604 e
939 2563 996 2604 suo
1008 2547 1153 2606 Distretto.

274 2634 334 2697 Noi
355 2635 555 2711 approviamo
578 2635 680 2694 simile
702 2635 820 2708 scelta,
845 2639 977 2696 tenendo
999 2637 1095 2698 fermo
1113 2637 1154 2695 ohe

214 2729 286 2792 Ella
310 2728 391 2788 colla
418 2747 474 2788 sua
495 2728 655 2806 vigilanza
675 2747 692 2787 e
714 2729 854 2788 sariezza
880 2731 1105 2810 disimpegnerc
1122 2731 1154 2786 ot·

214 2824 397 2886 timamente
424 2823 591 2884 l'iucarico
617 2824 812 2884 addossatolc
834 2825 865 2882 in
889 2829 915 2884 sl
937 2825 1056 2886 difficili
1077 2825 1154 2884 circo

215 2922 331 2981 utanze.
354 2919 388 2980 Oi
409 2917 623 2994 persuadiamo
652 2917 782 2990 altresi,
805 2919 860 2978 ohe
881 2919 912 2978 lo
935 2921 1034 2978 stesso
1059 2915 1154 2978 monsi-

214 3030 294 3092 gnor
308 3012 434 3072 Passeri
457 3029 515 3070 non
538 3011 629 3071 abbia
650 3029 766 3071 omesso
789 3011 819 3070 di
840 3013 1052 3073 comunicarle
1073 3013 1100 3072 le
1116 3026 1153 3084 cp

214 3109 350 3184 portune
364 3104 529 3165 istruzioni
550 3121 606 3180 per
628 3105 659 3163 la
679 3106 828 3165 condutta
843 3105 926 3182 degli
941 3106 1031 3165 affari
1046 3106 1076 3164 di
1090 3119 1154 3177 mug²

215 3201 285 3282 gior
306 3200 431 3274 rilievo,
446 3219 463 3258 a
479 3201 714 3276 segnatamente
729 3201 785 3258 che
807 3200 837 3259 lc
859 3200 951 3260 abbia
972 3199 1152 3260 manifestato

214 3294 346 3355 iNostri
360 3292 475 3370 precisi
487 3291 669 3352 sentimenti
685 3291 756 3352 sull'
767 3293 901 3352 artioolo
914 3293 966 3352 del
979 3290 1151 3370 giuramento

214 3385 381 3463 prescritto
410 3387 495 3447 dalla
520 3385 732 3447 Gusti'tuzione
758 3387 910 3446 Romana.
938 3385 1072 3446 Siccome
1096 3384 1151 3459 peri

215 3497 288 3539 sono
308 3480 361 3556 qui
382 3479 491 3539 venuti
514 3479 662 3540 risoontri
685 3479 797 3555 dapib
820 3479 917 3555 parti,
941 3481 997 3539 che
1019 3480 1030 3537 i
1050 3473 1151 3537 Proles·
