2424 4196
232 324 342 386 citium
363 325 516 385 ordinum
536 324 788 402 redintegretur,
802 341 879 404 quos
893 324 1015 402 recepit
1028 326 1171 400 antequam

232 417 420 478 intrusionis
442 417 572 478 crimine
594 435 627 477 se
649 418 802 480 foedaret.
1193 426 1194 446 ¹

293 513 348 573 IV.
363 511 561 588 Advigilabis
575 515 712 586 attente,
727 530 788 589 qun
802 514 874 573 tuto
888 529 1072 589 cognoscere
1083 509 1170 587 possiu,

234 614 306 665 bum
328 605 511 666 Panissatus
531 609 708 680 exequatur
727 605 921 665 conditiones
945 605 1172 682 praescripturo

233 699 413 760 Sanctitate
441 699 506 760 Sua
533 697 565 756 in
594 698 754 774 praedicto
783 698 921 758 articulo
950 704 1171 760 memoratarum

232 793 485 870 Apostolicorum
507 793 717 853 Litterarum:
734 797 769 855 ct
788 811 855 852 cum
879 800 914 853 tu
935 796 1095 870 procerte
1112 789 1172 852 affir-

232 887 344 959 mabis,
367 886 596 946 conditionibus
617 885 770 962 praefatis
790 886 986 947 satisfactum
1000 887 1110 958 inisse,
1123 887 1171 942 inu
1194 909 1195 926 κ

232 979 402 1041 facultates
430 980 468 1040 ad
497 980 599 1056 ipsum
629 980 852 1040 absolvendam
881 982 1076 1041 necessarias
1107 977 1171 1038 dabit

233 1074 394 1134 Sanctitas
414 1075 478 1133 Sua
493 1073 646 1133 sacerdoti
661 1074 706 1132 ad
718 1075 930 1149 concipiendas
949 1074 1099 1153 fidelium
1116 1089 1171 1132 cou-

232 1169 387 1246 sessiones
400 1169 463 1228 rite
478 1170 621 1246 probato.

294 1261 333 1321 V.
349 1263 433 1322 'Cum
454 1262 631 1338 ignoretur,
653 1260 837 1337 quibusnam
858 1263 997 1338 praecise
1021 1262 1122 1322 verbis
1135 1275 1170 1317 er·
1195 1273 1196 1326 ι

233 1371 372 1431 pressum
394 1354 495 1415 fuerit
515 1354 727 1414 iuramentum
749 1374 768 1415 a
788 1353 952 1416 Panisseto
973 1355 1112 1428 editum,
1136 1370 1170 1410 ne

232 1463 317 1506 cesse
339 1449 388 1506 est
409 1448 495 1526 aTe
516 1446 605 1506 nobis
625 1446 688 1506 rite
704 1445 878 1523 significari
893 1446 990 1523 ipsam
1006 1444 1170 1508 adamussim

232 1537 399 1599 formulam
428 1539 566 1598 eiusdem
595 1538 784 1613 iuramenti;
814 1543 850 1598 ui
877 1540 949 1600 hinc
977 1540 1079 1600 etiam
1098 1534 1172 1615 possit

233 1633 393 1693 Sanctitas
407 1633 471 1693 Sua
485 1647 682 1710 cognoscere,
698 1649 777 1708 quae
791 1637 965 1709 opportune
975 1634 1015 1692 ad
1032 1649 1098 1693 rem
1111 1646 1172 1688 man·

233 1727 334 1785 danda
353 1730 460 1785 erunt.

294 1821 349 1880 VI.
377 1821 474 1881 cures
495 1823 643 1897 oportet,
666 1826 704 1880 nt
723 1837 743 1878 a
763 1819 929 1880 Pauisseto
949 1819 1172 1880 declarationem

232 1913 392 1987 obtineas,
421 1932 483 1989 qua
510 1913 579 1990 ipse
599 1916 800 1989 protestetur
820 1912 970 1972 damnare
990 1931 1026 1972 se
1048 1907 1171 1989 quidquid

231 2008 308 2068 mali
329 2011 379 2067 est
399 2008 430 2066 in
452 2007 599 2083 operibus
619 2007 659 2067 ab
679 2006 747 2083 ipso
768 2005 883 2080 editis,
906 2010 940 2066 et
959 2007 1135 2066 consentire
1150 2003 1172 2060 in

232 2101 375 2162 omnibus
396 2104 430 2160 et
450 2117 506 2177 per
529 2101 635 2161 omnia
654 2100 778 2159 iudiciis
805 2100 1004 2176 Apostolicaa
1035 2100 1137 2171 Sedis,
1152 2099 1174 2154 et

231 2194 420 2272 praesertim
441 2194 722 2254 constitutionibus
742 2193 837 2254 editis
850 2198 961 2254 contra
974 2211 1102 2255 errores
1112 2189 1173 2260 Bali,

232 2287 368 2348 lansenii
389 2291 423 2346 ei
443 2286 616 2353 Quesnelli.

292 2383 375 2441 Haec
396 2380 468 2440 Tibi
489 2380 667 2459 significata
688 2385 760 2442 aunt
781 2382 818 2441 de
837 2383 984 2443 mandato
999 2374 1173 2442 Sanctissini

232 2473 356 2535 Domini
384 2475 516 2549 Nostri,
544 2475 597 2552 qni
625 2479 820 2554 perspectam
849 2476 965 2536 habens
997 2473 1199 2552 prudentiam]

231 2569 343 2641 Tuam,
366 2571 400 2628 et
422 2586 550 2628 noscens
569 2569 695 2630 aliunde
717 2586 870 2630 summam
890 2569 1039 2630 fiduciam
1055 2564 1172 2647 quamin

231 2661 277 2719 'Pe
298 2661 393 2721 habet
407 2661 601 2736 Panissetus,
617 2663 785 2724 maximam
801 2679 886 2739 spem
902 2663 1007 2733 habet,
1025 2664 1059 2722 te
1073 2663 1110 2721 ad
1123 2671 1174 2736 per·

230 2751 346 2812 lectam
367 2752 484 2814 intrusi
505 2754 738 2814 conversionem
760 2754 851 2814 valde
874 2753 1090 2831 profuturum,
1105 2771 1138 2813 ea
1152 2749 1172 2807 in

231 2845 369 2908 animum
384 2847 472 2907 illius
487 2853 659 2926 opportune
680 2849 853 2908 inducendo
867 2867 945 2925 quae
959 2847 990 2906 in
1006 2865 1103 2926 supra
1114 2844 1175 2906 rela-

231 2940 273 3000 tis
288 2939 588 3018 praescriptionibus
602 2941 661 3000 tibi
674 2940 852 3017 significata
865 2945 951 3013 sunt,
967 2941 1127 3018 eidemque
1138 2937 1175 2995 dn·

230 3036 599 3110 monstrando,quantum
611 3035 718 3094 rectae
729 3034 847 3094 rationi
858 3032 1030 3093 conformia
1038 3035 1104 3093 sint
1116 3041 1174 3106 quat

230 3127 269 3188 ab
291 3129 358 3205 ipso
374 3128 595 3205 exquirantur,
610 3131 779 3205 antequam
791 3127 999 3188 absolutionis
1011 3124 1174 3186 heneficium

230 3220 373 3280 obtinere
394 3221 501 3298 possit.

291 3314 362 3374 Tibi
377 3314 483 3391 itaque
499 3317 612 3390 tuoque
626 3313 694 3374 nelo
708 3312 787 3374 illud
806 3312 973 3385 incumbit,
990 3314 1028 3372 nt
1047 3310 1174 3372 Panissc·

231 3409 298 3467 tum
319 3410 448 3468 edoceas
469 3409 543 3485 quid
564 3411 601 3468 de
622 3409 688 3486 ipso
708 3408 828 3469 sentiat
846 3409 982 3486 quidque
997 3399 1174 3484 praeceperit

231 3499 392 3562 Sanctitas
420 3502 502 3574 Sua,
524 3502 578 3579 qui
599 3501 693 3561 iustis
707 3506 868 3579 permotus
889 3502 992 3563 causis
1011 3501 1110 3562 eidem
1128 3509 1174 3556 nou
