2506 4198
908 129 923 162 fi

363 185 364 188 ¹
442 226 483 241 -
503 195 566 255 213
585 225 624 240 -·

49 319 165 362 novam
180 300 436 375 instructionem,
453 319 507 361 seu
522 299 777 373 declarationem,
793 317 871 376 quae
887 317 946 360 non
961 317 1015 360 ox·

50 396 161 473 plicat,
185 396 239 454 sed
262 394 399 454 destruit
429 393 552 453 omuino
573 395 721 471 priorem.
746 391 838 467 Tibi,
859 396 893 453 et
912 393 1014 452 multo
1114 413 1119 422 ·

49 489 154 549 minus
169 488 305 564 collegii
319 488 452 550 Romani
471 487 695 566 professoribus
708 487 850 565 ignotum
871 506 937 556 esse
952 505 1014 548 non

49 583 167 662 potuit,
191 599 285 660 quam
306 585 432 642 maturo
453 581 582 642 oonsilio
603 581 755 658 pluricsa
769 581 865 642 Nobis
880 598 1016 657 pronun·

49 679 170 739 etatum
193 675 304 747 fuerit,
326 674 418 750 illud,
440 677 477 736 de
498 693 557 752 quo
578 675 707 753 agitur,
730 675 964 748 iuramentum,
987 674 1015 734 si

48 770 272 831 consideretur
283 767 314 827 in
329 786 409 846 pura
422 773 457 829 et
469 769 609 829 naturali
623 787 679 829 sua
691 767 933 846 significatione,
948 785 1014 828 asse

50 864 224 936 illicitum3
247 865 325 939 quod
347 863 472 939 quidem
496 863 656 936 iudicium,
673 855 785 922 neduni
806 861 905 923 fuerit
919 861 1014 922 Nobis

45 975 158 1035 prava
183 958 413 1016 insinuatione
432 963 627 1033 suggestum,
644 959 680 1015 ut
701 955 896 1015 decretalisa
910 957 954 1014 Te
968 955 1015 1016 oi-

50 1053 140 1111 tatac
169 1050 276 1110 verbis
307 1053 456 1124 utamur,
479 1049 615 1110 aNobis
642 1049 747 1126 potius
775 1048 1014 1124 pronunciatum

50 1144 125 1218 init,
144 1139 285 1221 praeviis
306 1145 468 1202 doctorum
489 1161 525 1204 ac
540 1143 714 1219 peritorum
736 1141 953 1217 theologorum
968 1161 1015 1202 se-

48 1238 106 1297 riis
118 1228 417 1309 consultationibus,
431 1235 618 1313 praevioque
632 1239 754 1296 maturo
766 1223 906 1294 examine
923 1236 1014 1296 unius

49 1330 313 1408 Congregationis
327 1330 541 1391 cardinalium
562 1329 719 1407 probitate
733 1347 768 1389 ac
790 1328 933 1389 doctrina
947 1347 1017 1405 spe-

48 1425 311 1496 ctatissimorum,
326 1426 359 1494 et
380 1424 525 1484 deinde'a
537 1424 635 1484 Nobis
646 1424 722 1483 dioti
734 1423 868 1500 collegii
877 1423 1014 1482 'Rectori

49 1520 148 1580 etiam
171 1518 345 1579 indicatum
366 1518 440 1591 fuit,
456 1537 526 1579 cum
540 1519 567 1577 is
582 1520 757 1595 praeterita
770 1520 892 1578 aestate
913 1517 1015 1578 inter-

48 1613 209 1689 rogandos
229 1613 295 1674 Nos
316 1611 455 1683 curavit,
478 1614 598 1670 essetne
620 1611 650 1670 id
674 1612 886 1671 iuramentum
901 1628 920 1669 a
935 1610 1014 1670 viris

48 1705 287 1775 welesiasticis
303 1706 330 1764 si
348 1705 543 1782 exigeretur,
558 1706 789 1782 praestandum.
802 1706 831 1765 N
835 1704 900 1764 ulla
914 1705 1013 1781 igitur

50 1799 183 1871 maiore,
199 1799 358 1876 magisque
378 1798 502 1875 publica
522 1817 598 1876 opus
620 1798 681 1857 fuit
703 1797 831 1871 notitia,
847 1802 884 1858 nt
904 1800 965 1870 Tu,
980 1801 1014 1858 at

50 1893 243 1969 professores
259 1891 382 1967 penitus
397 1892 532 1951 convicti
546 1891 668 1962 essetis,
681 1891 889 1950 iuramentum
905 1892 935 1950 in
950 1895 1015 1952 ter-

50 1986 155 2057 minis,
165 1984 278 2061 quibus
291 1988 340 2044 est
360 1985 590 2046 Constitutione
612 1986 850 2061 praescriptum,
873 1986 1014 2046 absolute

51 2099 118 2140 esse
139 2079 303 2138 illicitum.
317 2081 387 2140 Nou
409 2096 569 2156 possumus
590 2079 739 2139 assentiri
761 2078 913 2154 expositis
933 2095 952 2137 a
969 2080 1013 2138 Te

52 2171 230 2233 rationibus
244 2172 281 2230 ad
297 2173 520 2233 ostendendam
541 2175 692 2234 secundae
708 2177 780 2232 tuae
795 2172 1014 2232 instructionis

4 2339 5 2342 Ἴ
53 2266 264 2344 aequitatem
286 2266 428 2342 quamvis
454 2265 536 2325 euim
565 2265 735 2326 iuramenti
758 2264 1015 2344 verba'intelligi

50 2359 186 2419 debeant
219 2359 256 2416 ab
278 2376 334 2430 eo,
356 2359 410 2435 qui
432 2358 539 2432 iurat,
562 2358 593 2418 in
615 2377 705 2419 sensu
729 2358 835 2432 illius,
857 2359 910 2436 qui
933 2359 1014 2418 illud

52 2452 170 2530 exigit,
185 2449 439 2528 qualemcumque
462 2451 620 2511 verbalem
642 2452 884 2513 declarationem
906 2452 1015 2512 emise-

51 2546 121 2605 rint
141 2542 218 2604 dioti
241 2543 440 2619 professores,
460 2561 563 2604 coram
586 2546 775 2622 magistratu
797 2547 834 2606 ad
857 2546 1015 2606 iuramen-

50 2643 119 2698 tum
141 2654 249 2698 eorum
272 2636 482 2715 recipiendum
505 2637 666 2713 delegato,
689 2656 747 2697 non
770 2637 875 2714 potuit
895 2637 1015 2698 mutari

52 2730 142 2791 illins
154 2731 344 2805 substantia3
361 2735 393 2790 et
407 2729 490 2790 siout
504 2730 587 2789 solus
601 2730 778 2806 legislator,
791 2733 825 2789 et
837 2749 895 2790 non
908 2747 1013 2790 merus

52 2824 260 2901 magistratus
281 2826 318 2884 ad
335 2823 530 2884 materialem
552 2822 631 2900 legis
652 2823 869 2882 executionem
891 2823 1015 2900 delega-

52 2919 116 2989 tus,
137 2919 243 2992 potest
264 2935 330 2976 esse
345 2919 522 2992 competens
544 2913 680 2973 eiusdem
695 2914 863 2991 interpres,
879 2915 926 2974 ita
938 2914 1015 2974 licet

51 3009 176 3070 verbali
195 3009 407 3086 professorum
430 3006 635 3068 declarationi
656 3009 845 3083 apparenter
866 3007 1015 3068 annuerit

52 3103 272 3180 magistratus,
290 3104 349 3162 hoo
370 3100 496 3160 minime
517 3099 642 3172 sufficit,
659 3103 694 3158 ut
715 3098 821 3158 verbis
843 3099 1014 3160 iuramenti

51 3199 143 3256 detur
163 3195 389 3271 interpretatio
411 3193 535 3253 diversa
555 3194 593 3252 ab
612 3210 648 3252 ea
669 3191 910 3269 significatione,
922 3209 1014 3270 quam

52 3307 128 3366 pure
149 3294 183 3350 et
204 3287 397 3349 naturaliter
422 3286 628 3364 pronunciata
649 3285 823 3346 continent.
846 3287 1017 3350 praevide

51 3386 128 3442 runt
141 3381 203 3459 ipsi
224 3381 414 3458 professores
435 3379 613 3440 scandalum
635 3397 744 3457 grave,
761 3381 841 3456 quod
864 3381 1013 3457 praebere

53 3475 162 3536 debuit
176 3475 308 3535 illorum
329 3474 557 3549 iuramentum,
569 3477 603 3534 et
617 3475 726 3535 bonam
741 3473 833 3533 fldem
855 3479 941 3537 tuam
955 3476 1015 3536 cir·
