2426 4192
231 300 379 362 adiuncta
406 300 586 362 debuissent
615 301 742 381 aperire
770 299 876 360 oculos
907 317 1003 361 meos.
1033 300 1188 360 Electores

230 413 340 472 nempe
360 413 380 454 a
399 394 521 455 cunctis
541 393 820 455 communitatibus
841 395 980 453 Ducatus
1001 392 1123 453 diserta
1146 410 1188 452 re-

225 489 381 566 ceperant
401 487 566 561 mandata,
589 506 627 546 ne
649 486 708 547 ulli
729 486 761 545 in
783 485 895 547 ordine
915 484 1084 562 religionis
1105 486 1189 544 inno-

231 581 352 643 vationi
369 581 597 642 consentirent:
618 582 736 642 idcirco
752 584 825 642 dum
840 580 879 640 ad
893 580 1082 641 electionem
1096 598 1188 640 meam

231 677 361 756 procedi
378 677 538 760 viderupt,
550 677 693 754 plerique
704 677 932 737 abscesserunt.
950 673 1075 735 Electio
1089 675 1188 750 itaque

231 770 315 833 facta
329 773 378 830 est
391 787 410 830 a
423 769 546 846 populo,
562 772 672 847 quade
683 788 719 830 re
731 787 821 847 saepe
839 768 971 848 gloriari
991 786 1054 827 non
1073 767 1188 840 erubni;

232 883 270 925 ea
280 863 404 924 nonnisi
415 863 536 941 aliquot
553 863 712 924 hominum
731 863 983 942 irreligiosorum
998 864 1112 923 votum
1125 879 1189 920 con·

232 958 374 1030 tinebat;
396 975 454 1036 ego
476 962 582 1018 tamm
602 957 683 1018 illud
704 957 781 1019 mihi
803 961 868 1020 tam
882 957 1128 1036 ignominiosum
1142 975 1188 1016 vo

232 1054 322 1125 tum,
338 1052 524 1112 electionem
545 1051 728 1129 disciplinae
748 1051 904 1113 Ecclesiae
925 1051 1112 1128 primitivae
1126 1069 1188 1110 con-

231 1144 376 1219 formem,
388 1144 557 1222 appellavi.
566 1146 724 1212 Quantum
735 1163 812 1206 vero
823 1145 991 1205 discrimen
1003 1145 1093 1206 inter
1104 1149 1187 1205 vetus

232 1237 408 1301 (loneilinm
429 1238 663 1316 Episcopornm,
685 1239 833 1316 populum
847 1238 983 1299 alicuius
997 1238 1143 1299 civitatis
1157 1239 1186 1298 de

232 1331 385 1392 electione
407 1330 439 1389 in
460 1330 625 1390 consilium
647 1350 774 1405 vocans,
790 1336 824 1392 et
839 1333 925 1392 inter
938 1331 1074 1391 comitia
1087 1330 1188 1391 electi·

232 1444 286 1499 va,
307 1425 360 1485 nbi
381 1424 577 1486 diversarum
598 1426 858 1486 communitatum
879 1425 985 1485 nuntii
1005 1442 1065 1501 pro
1085 1423 1188 1484 maiori

232 1519 452 1596 suffragiorum
475 1536 604 1578 numero
625 1519 791 1580 decidunt!
815 1521 936 1579 Verum
956 1521 989 1578 in
1012 1536 1084 1578 rem
1097 1536 1188 1579 mean

232 1611 398 1690 praecipue
412 1611 605 1670 conducebat
620 1630 701 1672 vano
715 1630 750 1671 eo
765 1615 893 1689 spectro
911 1612 1016 1684 illudi,
1031 1612 1089 1673 et
1079 1631 1113 1672 1n
1125 1614 1188 1674 ado·

232 1704 357 1782 ptandis
377 1703 579 1765 adminiculis
600 1705 682 1766 haud
703 1723 769 1766 esse
791 1705 959 1766 difficilem.

292 1799 372 1858 Post
397 1796 549 1858 eiusmodi
577 1799 863 1875 praevaricationes
885 1800 965 1859 nihil
990 1819 1040 1860 me
1063 1799 1187 1878 amplius

233 1891 378 1952 cohibere
393 1893 537 1970 poterat,
553 1891 664 1969 scripsi
679 1893 807 1952 Summo
821 1892 968 1952 Pontifici
983 1894 1021 1952 de
1043 1893 1187 1953 electione

233 2003 321 2058 mea3
336 1984 463 2062 explevi
484 2003 596 2046 vanam
618 1987 697 2046 hanc
718 1990 752 2047 et
772 1986 862 2065 Capit
864 1985 1073 2047 iEcclesiae
1062 1987 1187 2046 iniurio-

234 2097 299 2141 sam
314 2078 553 2154 caeremoniam3
569 2079 690 2156 atquin
706 2080 757 2140 vel
772 2083 983 2157 expectarem,
1000 2081 1055 2140 vel
1070 2094 1186 2158 sperare

233 2190 355 2251 possem
377 2190 570 2249 responsum,
584 2173 729 2250 Lugduni
743 2191 763 2233 a
776 2173 879 2233 tribus
893 2173 1059 2251 Episcopis
1073 2170 1187 2234 Consti·

232 2266 442 2328 tutionalibus
452 2265 715 2326 consecrationem
726 2266 911 2342 sacrilegam
923 2265 1058 2342 suscepi.
1069 2268 1187 2328 Assum-

233 2359 280 2437 psi
292 2358 422 2419 titulum
433 2359 578 2436 Episcopi
591 2358 708 2419 Montis
722 2357 809 2433 Albi,
820 2358 887 2419 eins
901 2357 1046 2420 novitate
1061 2357 1186 2418 nominis

233 2451 338 2530 palam
359 2451 521 2511 declarans
548 2468 649 2511 meam
669 2452 708 2511 ab
736 2448 876 2510 omnibus
899 2450 1062 2512 Ecclesiae
1089 2453 1186 2512 catho
1210 2519 1211 2538 χ

232 2545 313 2606 licae
323 2543 484 2621 Episcopis
497 2542 737 2621 separationem,
750 2543 991 2605 inobedientiam
1008 2562 1088 2622 erga
1105 2547 1187 2605 Sum·
1210 2543 1211 2584 ἰ

233 2654 319 2700 mum
330 2635 527 2711 Pontificem,
536 2639 569 2696 et
581 2637 642 2696 mei
652 2637 832 2698 schismatis
842 2637 1119 2715 complementum.
1133 2637 1185 2696 Sub

234 2730 351 2792 talibus
373 2729 521 2807 auspiciis
542 2749 591 2790 me
610 2729 784 2791 Annecium
805 2731 937 2803 contuli,
962 2748 1022 2807 quo
1044 2731 1115 2791 loco
1135 2732 1185 2790 (lc-

233 2841 385 2885 nevenses
406 2821 550 2900 Episcopi
571 2824 709 2884 residere
723 2827 973 2898 consueverunt3
989 2823 1108 2886 civitas
1121 2825 1185 2883 baec

234 2918 409 2996 designata,
425 2921 461 2977 ut
481 2917 640 2976 theatrum
662 2919 756 2991 esset,
772 2917 805 2975 in
826 2935 888 2994 quo
902 2934 960 2994 ego
974 2916 1089 2977 sterile
1103 2913 1185 2976 mini·

233 3012 366 3073 sterium
386 3027 490 3070 meum
510 3026 702 3084 exercerem,
726 3010 758 3069 in
780 3009 1033 3071 consternatione
1055 3010 1134 3082 fuit3
1147 3007 1185 3064 in·

232 3104 319 3165 colae
340 3107 538 3181 conspectum
560 3121 662 3163 meum
683 3103 895 3182 refugiebant,
917 3121 1087 3181 eorumque
1103 3101 1185 3164 triste

233 3196 395 3258 silentium
409 3213 511 3256 meum
528 3195 606 3255 mihi
616 3195 735 3256 crimen
747 3196 969 3275 exprobrabat3
983 3199 1125 3258 attamen
1138 3195 1186 3255 Ec

233 3289 362 3350 alesiam
383 3289 603 3350 Gathedralem
624 3289 784 3366 ingressus
806 3308 875 3349 snm
897 3291 929 3350 in
950 3285 1185 3352 coronallistri·
1209 3275 1210 3334 ἶ

234 3382 303 3440 ctus
324 3383 357 3439 et
377 3379 650 3456 Municipulitatis,
672 3383 766 3458 atque
789 3381 834 3442 ibi
855 3381 1009 3458 praestito
1033 3377 1183 3441 libertatis

234 3474 268 3533 et
286 3473 489 3549 aequalitatis
503 3477 697 3536 sacramento
712 3473 900 3536 intrusionis
915 3492 1000 3536 meae
1015 3473 1179 3552 perfectum
