2430 4202
620 247 658 260 -
681 214 801 276 300-

327 324 433 385 dcbito
455 321 607 383 visitandi
621 321 678 382 SS.
695 320 919 398 Apostolorum
933 321 1064 394 Idmiua,
1075 325 1106 384 et

325 418 512 479 relationem
534 417 571 476 de
593 418 679 477 statu
700 415 852 475 dioecesis
880 417 919 475 ad
947 417 1106 494 Apostoli·

325 530 394 573 cam
414 513 526 572 Senium
544 509 703 571 mittandi.
727 510 968 570 Absolutionem
982 514 1106 584 taum,

326 623 418 684 quam
440 604 536 682 petit,
557 603 673 676 mittit,
696 621 731 664 ac
752 602 925 664 triennium
939 605 979 665 ad
994 609 1109 666 utrum·

327 718 387 778 que
407 698 632 761 conficiendum
653 697 837 775 indulget.
883 743 892 758 .
938 744 945 758 .
993 717 1107 778 ‚pap
1128 697 1173 758 172

229 794 307 856 1798
328 796 347 854 7
368 791 601 872 Septembris·
584 789 701 851 -Gum
728 792 866 852 deiectus
893 793 1005 852 Piliae
1034 793 1112 852 Tito-
1198 869 1199 872 Ἴ

326 905 406 961 mas.
430 889 518 946 Van.
540 887 598 944 Fr.
614 887 648 944 Β.
663 888 704 944 Β.
718 889 758 944 li.
775 887 1034 968 cardinalibus.
1049 887 1110 946 Ab·

326 981 514 1040 dicationem
548 980 687 1040 Thomae
717 978 826 1039 Autici
859 997 876 1038 e
908 959 1111 1041 cardinalatu

328 1073 472 1135 admittit
501 1115 1052 1134 ...........
1094 1074 1173 1132 »171

266 1187 285 1229 a
325 1171 346 1229 7
366 1168 563 1247 Septembris
577 1200 597 1215 -
613 1165 693 1227 Gom
705 1168 842 1228 dilectus
852 1167 963 1227 Filius
980 1169 1112 1229 Vincen-

325 1266 403 1322 tius.
425 1266 512 1322 Van.
534 1264 592 1321 Er.
609 1253 643 1320 S.
657 1266 699 1321 B.
720 1265 760 1321 E.
777 1265 1036 1323 cardinalibus.
1050 1264 1110 1323 Ab·
1199 1281 1200 1320 l

327 1355 519 1417 dicationum
542 1353 702 1415 Vinoentii
730 1353 849 1414 Mariae
878 1354 915 1414 dc
937 1355 1109 1416 Alteriise

226 1519 230 1537 ,
324 1449 527 1510 Oardinalatu
549 1447 694 1508 admittit
714 1491 1047 1508 .......
1088 1448 1169 1508 »176

265 1558 283 1602 »
324 1545 364 1604 24
385 1543 612 1620 Septembris·
626 1542 770 1621 Epistola
791 1544 830 1603 R.
854 1543 890 1603 P.
914 1545 952 1604 D.
975 1543 1111 1604 Michae-

324 1637 365 1697 lis
389 1636 427 1697 Di
456 1635 565 1696 Pietro
594 1635 739 1712 Episcopi
767 1635 940 1694 Isaurensls
965 1636 1108 1714 Delegati

323 1729 500 1806 Apostolici
521 1729 553 1788 in
577 1731 670 1791 Urbe.
689 1732 733 1790 De
747 1727 923 1788 iuramento
938 1728 1002 1788 odii
1018 1730 1050 1788 in
1066 1747 1111 1789 ro·

324 1823 406 1900 giam
428 1823 626 1883 maiestatem
648 1825 682 1882 et
702 1821 895 1895 anarchiam;
917 1822 1059 1899 obsequii
1078 1826 1110 1882 et
1200 1821 1201 1848 ³

324 1915 396 1976 fidei
409 1916 441 1974 in
453 1915 702 1993 Rempublicam,
718 1919 752 1976 ct
762 1914 1024 1975 constitutionem
1040 1915 1109 1978 anni

326 2008 417 2069 tertii
452 2052 1052 2068 ............
1093 2004 1169 2066 »118

328 2103 343 2162 l
367 2101 512 2162 Octobris
526 2133 546 2147 ·
562 2103 665 2167 Quam
686 2103 887 2163 calamitosa.
909 2103 1054 2162 Nuutlla
1078 2107 1109 2162 et

321 2197 499 2268 Delegatis
526 2198 754 2266 Apostollola.
777 2198 971 2257 Luctnosum
1001 2196 1108 2257 Eccle-
1201 2261 1202 2286 χ

323 2288 389 2346 siae
410 2291 528 2348 etatum
551 2291 786 2349 commemorat.
810 2289 905 2349 Dolet
932 2290 1013 2367 quod
1042 2289 1110 2366 Epi·
1201 2297 1202 2364 1

322 2380 423 2455 scopis
443 2382 481 2439 ad
498 2381 531 2440 S.
543 2381 661 2440 -Sedem
676 2382 782 2442 aditus
794 2381 1041 2442 intercludatur.
1055 2383 1109 2442 Fa·

321 2472 458 2532 cultates
470 2474 592 2551 aliquas
604 2474 644 2533 iis
656 2473 813 2553 impertit,
822 2493 898 2552 quas
910 2474 978 2534 sive
991 2493 1106 2546 omues,

323 2566 390 2624 sive
412 2564 549 2643 aliquam
571 2566 711 2643 ipsarum
733 2571 856 2645 partem
876 2566 1041 2644 Episcopis
1062 2585 1110 2645 pe-

324 2658 477 2733 tentibus,
504 2658 600 2720 iidem
616 2660 742 2734 Nuntii,
758 2678 833 2737 quos
846 2659 1045 2736 Apostolicos
1056 2663 1111 2721 De-

322 2752 444 2830 legatos
455 2755 554 2825 creat,
571 2751 733 2829 pontidcio
745 2754 868 2812 nomine
880 2756 1031 2829 poterunt
1042 2771 1110 2812 con·

321 2848 441 2907 cedere.
466 2847 575 2906 Monet
596 2847 721 2905 demum
743 2865 835 2924 quam
857 2852 948 2908 caute
978 2850 1012 2906 et
1032 2865 1109 2925 pru-

321 2940 432 3001 denter
452 2957 504 3000 eas
526 2939 687 3016 impertiri
709 2940 844 3001 debeant
878 2985 886 3001 .
933 2985 941 3000 .
987 2984 994 3000 .
1042 2985 1050 3000 .
1091 2935 1167 2998 »171

325 3035 362 3097 10
381 3034 573 3096 Novembris
586 3066 604 3079 -
618 3033 847 3095 Constantiam
871 3044 1023 3096 cestram.
1053 3038 1108 3094 Ar·

321 3129 558 3201 ohieplaoopis
573 3132 609 3186 ct
623 3129 811 3199 Episcopla
825 3130 938 3189 Gallia
959 3129 1107 3189 Londlni

321 3223 628 3293 commorantibus,
647 3222 791 3281 Arthuro
805 3221 965 3282 Richardo
980 3223 1108 3284 Archia-

319 3313 443 3391 piscopo
463 3316 699 3386 Narbonensi,
719 3345 734 3360 -
757 3315 866 3374 loanni
886 3334 906 3375 a
932 3317 996 3375 Deo
1023 3318 1108 3394 Ray·

319 3410 434 3468 mundo
462 3407 707 3486 archiepiscopo
735 3409 1107 3482 aqueum-Luceria

316 3501 485 3561 Francisco
506 3501 656 3579 Episcopo
682 3505 933 3575 Attrebatenal,
947 3533 962 3550 -
976 3504 1102 3581 Ioscplno
