2506 4198
430 244 608 305 -195-

43 349 159 410 fortune
179 367 214 409 ac
235 349 392 409 consolari
414 349 635 409 desideremus.
651 351 763 410 Omnes
783 348 864 408 enim
881 349 912 407 in
928 350 998 410 sinu

44 443 194 521 gerimus;
223 444 425 521 omnibusque
450 462 574 521 pacem,
601 448 634 504 et
659 444 806 521 gaudium
828 462 846 503 a
866 445 998 508 Domino

43 539 156 604 Nostro
178 539 246 596 Iesu
268 537 395 598 Christo
424 539 644 613 adprecamur‚
667 542 700 596 et
720 535 922 613 apostolicam
946 539 999 597 be·

42 629 245 688 ncdiotionem
267 628 380 705 pignus
401 633 551 706 paternae
566 629 733 690 charitatis
744 631 878 690 Nostrae
894 647 1000 692 aman-

43 722 160 782 tissime
184 721 396 797 impertimur.

101 819 212 876 Datum
236 833 276 874 ex
297 815 450 876 Ooenobio
473 816 680 877 carthusiano
702 816 734 875 S.
745 815 884 877 Cassiani
905 835 1000 894 prope

41 909 244 981 Florentiam,
268 908 324 966 sub
347 909 462 967 annulo
484 908 669 981 Piscatoris,
693 909 742 968 die
763 911 793 970 X
814 899 1029 971 Novembris‘

40 1001 286 1074 MDGGXOVIII,
301 1000 509 1060 Pontificatus
524 1003 634 1062 Nostri
649 1019 728 1060 anno
741 1003 858 1063 XXIV.

532 1096 636 1165 PlUS‚
659 1095 713 1170 qui
734 1113 838 1172 supra.

231 1251 236 1260 Ι
310 1185 424 1262 Ioseph
438 1186 577 1246 Marotti
591 1187 646 1247 SS.
664 1188 798 1248 Domini
811 1189 922 1248 Nostri

455 1283 493 1340 ab
510 1281 667 1358 Epistolis
685 1281 827 1341 Latinis.

458 1473 576 1528 nix.-

342 1581 410 1658 ΡΗ
436 1580 609 1659 PAPAE}
638 1582 702 1658 VI.

175 1761 228 1819 nn
250 1757 515 1819 suoonssouis
538 1758 604 1818 sor
631 1757 860 1820 accomoda

247 1853 520 1914 oonsrmurro
543 1851 711 1911 nornen
733 1849 790 1930 (1).

134 2014 219 2072 Pius
240 2013 448 2083 Episcopus,
463 2014 602 2070 Servum
623 2011 801 2070 Servorum
821 2011 904 2082 Dei,

234 2108 279 2165 ad
299 2110 502 2178 perpetuam
524 2105 577 2163 rei
598 2105 808 2164 memoriam.

94 2283 196 2348 Quum
224 2283 305 2353 Nos,
330 2281 483 2357 superiori
511 2300 611 2356 anno,
635 2283 847 2342 invalescente
875 2281 994 2342 indies

40 2372 234 2434 inimicorum
255 2376 443 2436 Nostrorum
458 2375 611 2450 potentia,
626 2393 696 2434 eum
718 2376 750 2434 in
766 2376 868 2435 locum
883 2379 998 2437 Roma-

40 2486 106 2528 nam
128 2467 301 2550 Ecclesiam
323 2469 489 2527 adductam
512 2468 701 2543 videremus,
723 2472 758 2529 ut
780 2468 882 2529 omnia
902 2471 1000 2531 Nobis

39 2564 204 2623 metuenda
215 2563 319 2621 essent
333 2578 411 2638 quae
426 2561 463 2620 ad
479 2559 546 2620 eius
561 2561 739 2622 libertatem
756 2563 1000 2640 extinguendam

38 2657 247 2729 pertinerent,
266 2653 344 2713 nihil
360 2658 425 2713 tam
440 2655 644 2714 vehementer
665 2657 999 2733 pertimuimuS,quam

40 2765 91 2823 ne,
114 2752 250 2809 vacante
282 2751 353 2824 post
381 2748 500 2807 obitum
527 2750 679 2810 Nostrum
701 2752 780 2810 Sede
806 2750 998 2826 Apostolioa,

39 2839 196 2918 impeditis
224 2859 280 2918 per
304 2840 370 2898 vim
392 2843 448 2900 aut
475 2842 669 2918 perturbatis
698 2843 834 2902 comitiis
862 2860 940 2918 quae
962 2843 999 2900 de

40 2935 222 2995 Successore
242 2936 360 2996 Nostro
381 2934 525 3010 eligendo
546 2935 654 2994 futura
676 2939 760 3008 sunt,
781 2943 837 2996 aut
857 2934 1001 3010 impossi-

97 3089 133 3146 (l)
151 3076 242 3136 Altera
257 3090 320 3136 hacc
338 3088 485 3134 constitutio
497 3087 565 3135 edita
576 3089 626 3135 luit
636 3089 786 3146 rogantibus
796 3088 926 3136 nonnullis
940 3089 1000 3137 (iar-

40 3161 182 3222 dinclibus,
201 3165 227 3210 et
242 3164 365 3222 Episcopo
386 3161 510 3208 Michaela
526 3166 562 3209 De
574 3165 665 3222 Petro,
682 3164 725 3221 qui
749 3168 842 3212 Romae
858 3166 1001 3222 Apostolici

40 3237 146 3299 delegati
161 3253 266 3287 munere
282 3239 446 3296 fungebatur.
464 3239 511 3285 His
528 3240 595 3286 onim
611 3240 680 3298 prior
696 3241 783 3287 eadem
800 3253 876 3299 super
886 3253 913 3287 re
932 3241 1001 3290 edita

39 3315 186 3363 constitutio
203 3315 329 3362 sufficiens
353 3327 404 3361 non
425 3312 577 3372 videbatur,
595 3318 729 3374 postquam
744 3317 806 3365 Pius
822 3319 857 3364 VI
875 3317 1000 3366 abductus

39 3389 121 3440 luerat
135 3393 165 3438 in
182 3390 365 3450 captivitatem,
383 3391 408 3436 ot
425 3390 544 3446 graviora
564 3393 653 3440 contra
677 3406 735 3440 enm
751 3395 783 3441 ab
799 3392 908 3440 inimicis
924 3395 1002 3442 orant

39 3461 202 3525 expectanda.
220 3466 261 3513 Ita
276 3466 366 3512 narrat
382 3465 472 3512 Petrus
487 3465 649 3516 Baldassarri
665 3469 743 3528 (qnod
759 3470 1001 3530 superiuspag.144

41 3542 143 3590 citatum
160 3543 210 3596 est)
225 3543 286 3588 tom.
304 3541 328 3588 3.
345 3553 420 3599 pagg.
439 3541 602 3592 51-141-150.

884 3635 901 3668 a
