2426 4192
603 129 783 190 -em-

608 283 758 341 axin.

529 460 531 466 .
563 388 824 458 EPISTOLA

1070 485 1083 508 ι

271 545 552 606 nmnnnntssm,
567 549 811 604 lntasantssm,
826 547 1100 594 Excsslalafflmffl

470 673 574 735 TYRI
594 675 908 734 ARCHIEPISCOPI

197 800 352 882 'Sanane
370 803 463 866 Sedis
484 808 528 867 ad
555 816 698 869 tractam
721 809 846 879 Rheni,
877 817 1060 884 canasque
1078 804 1158 882 Inte-

270 899 370 956 ricris
394 897 590 960 Germaniae
607 910 719 978 partes
739 919 812 962 cnm
823 908 983 977 potestate
1000 897 1162 976 Lepotide

272 992 372 1051 latere
391 992 522 1052 Nuntii.

482 1175 538 1218 ¹an
558 1147 696 1221 naviam
716 1179 757 1221 aa
777 1144 904 1221 ration

421 1307 716 1370 LEXOVIENSEM
737 1305 969 1370 EPISGOPUM

274 1451 321 1512 De
341 1456 470 1514 sancita
484 1472 506 1514 a
526 1456 689 1516 modernis
712 1455 842 1518 Galliae
860 1456 1118 1517 moderatoribus

413 1541 512 1624 Rep'ii
530 1550 714 1626 Repiminis
741 1552 974 1611 cancerationis.

299 1686 596 1745 Reverendissime
617 1692 653 1744 et
670 1687 912 1746 mustrisntme
933 1687 1092 1746 Praesul.

274 1829 409 1888 Litteris
431 1828 495 1888 tuis
517 1829 673 1889 Monachii
696 1829 744 1889 die
765 1831 806 1890 26
827 1831 919 1890 haias
940 1831 1058 1891 mensis
1079 1833 1160 1891 edne

218 1921 302 1982 detis
326 1920 504 1998 significas,
528 1924 583 1982 tua
604 1921 773 1998 plurimum
796 1923 915 1982 referre
938 1927 974 1983 ut
995 1923 1090 1997 scias,
1105 1939 1159 1981 nnn

215 2018 326 2074 sancta
339 2015 434 2074 Sedes
455 2014 539 2075 circa
559 2016 734 2073 vovendam
749 2015 780 2072 in
797 2014 901 2074 Gallia
916 2015 1113 2074 monarchiae
1125 2029 1159 2072 re·

218 2106 329 2184 gimini
350 2107 453 2167 odium
480 2107 668 2167 sententiam
690 2108 804 2168 tulerit
826 2126 881 2166 nec
896 2127 946 2181 ne3
968 2107 1160 2185 strepitant

217 2199 244 2258 si
264 2201 337 2276 quid
358 2201 438 2260 certi
460 2199 545 2260 circa
559 2201 636 2260 hanc
651 2200 880 2277 quaestionem,
901 2201 939 2258 de
959 2216 1022 2275 qua
1045 2218 1104 2259 non
1122 2215 1160 2274 pa·

217 2309 287 2351 rum
310 2293 515 2368 disceptatur,
529 2296 566 2354 ad
589 2293 732 2353 notitiam
749 2310 846 2352 meam
870 2291 1068 2368 pervenerit,
1087 2293 1114 2351 id
1128 2293 1161 2348 te-

217 2403 287 2443 cum
299 2387 527 2447 communicare
548 2387 656 2446 velim.

278 2480 355 2539 Oum
377 2480 499 2539 occasio
531 2481 660 2557 quaevis
679 2480 756 2539 bene
784 2482 821 2539 de
842 2479 1116 2539 Reverendissimn
1138 2477 1161 2532 et

219 2573 439 2632 Illustrisnima
466 2574 682 2633 Dominatione
711 2576 767 2632 tua
791 2572 930 2632 merendi
962 2571 1159 2650 acceptissima

219 2665 517 2739 ministrabamus
533 2667 726 2743 perlibenter
741 2665 924 2742 amplector:
941 2663 1004 2724 imo
1025 2684 1065 2725 eo
1084 2663 1160 2723 liben-

221 2759 285 2821 tias
305 2762 384 2838 qaod
406 2777 458 2820 res
472 2762 508 2820 de
529 2779 591 2838 qua
605 2759 800 2838 percontante
822 2763 855 2819 et
871 2760 997 2836 penitus
1018 2757 1159 2837 perspecti

118 2865 120 2870 '
219 2854 297 2915 mihi
319 2857 379 2926 est,
394 2856 428 2912 et
448 2871 515 2913 eam
536 2855 616 2931 apud
639 2871 743 2913 omnes
765 2851 950 2930 pervolgari
971 2869 1066 2929 qnam
1085 2845 1160 2914 maxi·

220 2969 270 3011 me
291 2965 391 3026 cupio.

280 3045 325 3105 Ut
344 3041 481 3119 primum
501 3041 533 3099 in
555 3041 638 3102 Urbe
659 3040 742 3100 fama
757 3039 948 3116 percrebuit,
970 3037 1056 3101 circa
1076 3037 1160 3094 dan·

221 3141 300 3209 tum,
323 3154 382 3212 quo
403 3137 579 3194 sacerdotes
608 3133 664 3192 snb
687 3131 914 3209 deportationis
940 3127 1158 3191 comminatione

221 3229 360 3306 regimen
392 3227 623 3288 monarchicum
649 3225 781 3285 solemni
812 3225 990 3286 iuramento
1023 3210 1159 3283 exsecrari

222 3321 422 3394 iubebantur,
436 3338 544 3393 novas,
557 3319 609 3378 vel
624 3319 655 3378 in
671 3319 737 3395 ipso
749 3317 857 3377 ordine
872 3315 1092 3385 ecclesiastico,
1103 3307 1158 3369 scit·

221 3414 323 3474 aiones
343 3431 409 3473 esse
431 3413 569 3486 obortas,
586 3411 659 3473 aliis
680 3412 892 3472 iuramentum
907 3408 1080 3470 huiusmodi
1100 3415 1158 3464 aa·
