<?xml version="1.0" encoding="UTF-8"?>
<!DOCTYPE html PUBLIC "-//W3C//DTD XHTML 1.0 Transitional//EN"
    "http://www.w3.org/TR/xhtml1/DTD/xhtml1-transitional.dtd">
<html xmlns="http://www.w3.org/1999/xhtml" xml:lang="en" lang="en">
 <head>
  <title>
</title>
<meta http-equiv="Content-Type" content="text/html;charset=utf-8" />
  <meta name='ocr-system' content='tesseract 3.04.00' />
  <meta name='ocr-capabilities' content='ocr_page ocr_carea ocr_par ocr_line ocrx_word'/>
</head>
<body>
  <div class='ocr_page' id='page_1' title='image "./piivipontmaxact01piusgoog_0011.png"; bbox 0 0 2488 4204; ppageno 0'>
   <div class='ocr_carea' id='block_1_1' title="bbox 244 1009 765 1186">
    <p class='ocr_par' dir='ltr' id='par_1_1' title="bbox 244 1009 765 1186">
     <span class='ocr_line' id='line_1_1' title="bbox 491 1009 526 1068; baseline -0.057 0"><span class='ocrx_word' id='word_1_1' title='bbox 491 1009 526 1068; x_wconf 86' lang='lat'>1.</span> 
     </span>
     <span class='ocr_line' id='line_1_2' title="bbox 244 1115 765 1186; baseline 0.002 -4"><span class='ocrx_word' id='word_1_2' title='bbox 244 1115 474 1184; x_wconf 81' lang='lat' dir='ltr'>EPISTOLA</span> <span class='ocrx_word' id='word_1_3' title='bbox 500 1116 765 1186; x_wconf 84' lang='lat' dir='ltr'><strong>ENGYCLICA</strong></span> 
     </span>
    </p>
   </div>
   <div class='ocr_carea' id='block_1_2' title="bbox 21 1297 990 1567">
    <p class='ocr_par' dir='ltr' id='par_1_2' title="bbox 21 1297 990 1567">
     <span class='ocr_line' id='line_1_3' title="bbox 21 1297 986 1382; baseline 0.006 -26"><span class='ocrx_word' id='word_1_4' title='bbox 21 1301 90 1364; x_wconf 83' lang='lat' dir='ltr'>Qua</span> <span class='ocrx_word' id='word_1_5' title='bbox 104 1303 270 1376; x_wconf 76' lang='lat' dir='ltr'>pancratis</span> <span class='ocrx_word' id='word_1_6' title='bbox 283 1319 399 1360; x_wconf 77' lang='lat' dir='ltr'>corma</span> <span class='ocrx_word' id='word_1_7' title='bbox 410 1297 470 1377; x_wconf 78' lang='lat' dir='ltr'>per</span> <span class='ocrx_word' id='word_1_8' title='bbox 483 1319 610 1361; x_wconf 82' lang='lat' dir='ltr'>amcam</span> <span class='ocrx_word' id='word_1_9' title='bbox 623 1301 755 1362; x_wconf 75' lang='lat' dir='ltr'>Statum</span> <span class='ocrx_word' id='word_1_10' title='bbox 770 1303 986 1382; x_wconf 80' lang='lat' dir='ltr'>Pontificium</span> 
     </span>
     <span class='ocr_line' id='line_1_4' title="bbox 82 1394 989 1467; baseline 0.004 -13"><span class='ocrx_word' id='word_1_11' title='bbox 82 1396 225 1454; x_wconf 81' lang='lat' dir='ltr'><em>edicitur</em></span> <span class='ocrx_word' id='word_1_12' title='bbox 239 1396 448 1467; x_wconf 79' lang='lat' dir='ltr'>obseruanda,</span> <span class='ocrx_word' id='word_1_13' title='bbox 466 1399 566 1457; x_wconf 84' lang='lat' dir='ltr'>relate</span> <span class='ocrx_word' id='word_1_14' title='bbox 588 1396 630 1456; x_wconf 88' lang='lat' dir='ltr'>ud</span> <span class='ocrx_word' id='word_1_15' title='bbox 644 1395 885 1458; x_wconf 80' lang='lat' dir='ltr'>Ecclesiasticos</span> <span class='ocrx_word' id='word_1_16' title='bbox 909 1394 989 1458; x_wconf 81' lang='lat' dir='ltr'>Gul-</span> 
     </span>
     <span class='ocr_line' id='line_1_5' title="bbox 81 1488 990 1567; baseline 0 -19"><span class='ocrx_word' id='word_1_17' title='bbox 81 1492 136 1559; x_wconf 85' lang='lat' dir='ltr'>los,</span> <span class='ocrx_word' id='word_1_18' title='bbox 161 1497 231 1546; x_wconf 84' lang='lat' dir='ltr'>tum</span> <span class='ocrx_word' id='word_1_19' title='bbox 245 1488 443 1560; x_wconf 77' lang='lat' dir='ltr'><strong><em>Saeculares,</em></strong></span> <span class='ocrx_word' id='word_1_20' title='bbox 461 1508 559 1567; x_wconf 84' lang='lat' dir='ltr'>quam</span> <span class='ocrx_word' id='word_1_21' title='bbox 581 1491 769 1566; x_wconf 81' lang='lat' dir='ltr'>Rapulares,</span> <span class='ocrx_word' id='word_1_22' title='bbox 787 1493 847 1567; x_wconf 80' lang='lat' dir='ltr'>qui</span> <span class='ocrx_word' id='word_1_23' title='bbox 860 1505 895 1551; x_wconf 88' lang='lat' dir='ltr'>eo</span> <span class='ocrx_word' id='word_1_24' title='bbox 909 1492 990 1550; x_wconf 84' lang='lat' dir='ltr'>emi-</span> 
     </span>
    </p>
   </div>
   <div class='ocr_carea' id='block_1_3' title="bbox 81 1587 298 1667">
    <p class='ocr_par' dir='ltr' id='par_1_3' title="bbox 81 1587 298 1667">
     <span class='ocr_line' id='line_1_6' title="bbox 81 1587 298 1667; baseline 0.014 -22"><span class='ocrx_word' id='word_1_25' title='bbox 81 1596 228 1664; x_wconf 80' lang='lat' dir='ltr'>pruruut</span> <span class='ocrx_word' id='word_1_26' title='bbox 243 1587 298 1667; x_wconf 79' lang='lat' dir='ltr'>(l).</span> 
     </span>
    </p>
   </div>
   <div class='ocr_carea' id='block_1_4' title="bbox 21 1775 1010 3330">
    <p class='ocr_par' dir='ltr' id='par_1_4' title="bbox 21 1775 1010 3330">
     <span class='ocr_line' id='line_1_7' title="bbox 82 1775 987 1852; baseline 0.001 -18"><span class='ocrx_word' id='word_1_27' title='bbox 82 1778 130 1834; x_wconf 84' lang='lat' dir='ltr'>Ex</span> <span class='ocrx_word' id='word_1_28' title='bbox 152 1775 203 1847; x_wconf 88' lang='lat' dir='ltr'>iis,</span> <span class='ocrx_word' id='word_1_29' title='bbox 220 1793 310 1850; x_wconf 84' lang='lat' dir='ltr'>quae,</span> <span class='ocrx_word' id='word_1_30' title='bbox 328 1776 366 1834; x_wconf 90' lang='lat' dir='ltr'>de</span> <span class='ocrx_word' id='word_1_31' title='bbox 380 1775 599 1852; x_wconf 77' lang='lat' dir='ltr'>hospitalitate</span> <span class='ocrx_word' id='word_1_32' title='bbox 620 1776 843 1838; x_wconf 85' lang='lat' dir='ltr'>ecclesiasticis</span> <span class='ocrx_word' id='word_1_33' title='bbox 865 1776 987 1836; x_wconf 80' lang='lat' dir='ltr'>Galliae</span> 
     </span>
     <span class='ocr_line' id='line_1_8' title="bbox 24 1869 988 1943; baseline 0.001 -17"><span class='ocrx_word' id='word_1_34' title='bbox 24 1869 181 1928; x_wconf 82' lang='lat' dir='ltr'>exsulibus</span> <span class='ocrx_word' id='word_1_35' title='bbox 203 1887 223 1928; x_wconf 85' lang='lat' dir='ltr'>a</span> <span class='ocrx_word' id='word_1_36' title='bbox 249 1869 452 1930; x_wconf 74' lang='lat' dir='ltr'>sanctissimo</span> <span class='ocrx_word' id='word_1_37' title='bbox 473 1871 604 1930; x_wconf 86' lang='lat' dir='ltr'>Domino</span> <span class='ocrx_word' id='word_1_38' title='bbox 626 1872 743 1932; x_wconf 86' lang='lat' dir='ltr'>Nostro</span> <span class='ocrx_word' id='word_1_39' title='bbox 765 1869 900 1943; x_wconf 85' lang='lat' dir='ltr'>indulta,</span> <span class='ocrx_word' id='word_1_40' title='bbox 920 1887 988 1928; x_wconf 87' lang='lat' dir='ltr'>sae-</span> 
     </span>
     <span class='ocr_line' id='line_1_9' title="bbox 28 1962 989 2039; baseline 0.001 -19"><span class='ocrx_word' id='word_1_41' title='bbox 28 1963 96 2038; x_wconf 89' lang='lat' dir='ltr'>pius</span> <span class='ocrx_word' id='word_1_42' title='bbox 117 1982 133 2022; x_wconf 88' lang='lat' dir='ltr'>a</span> <span class='ocrx_word' id='word_1_43' title='bbox 152 1982 201 2022; x_wconf 88' lang='lat' dir='ltr'>me</span> <span class='ocrx_word' id='word_1_44' title='bbox 224 1965 262 2022; x_wconf 86' lang='lat' dir='ltr'>ad</span> <span class='ocrx_word' id='word_1_45' title='bbox 284 1964 323 2022; x_wconf 91' lang='lat' dir='ltr'>N.</span> <span class='ocrx_word' id='word_1_46' title='bbox 340 1964 380 2024; x_wconf 92' lang='lat' dir='ltr'>N.</span> <span class='ocrx_word' id='word_1_47' title='bbox 404 1963 642 2039; x_wconf 86' lang='lat' dir='ltr'>praescribenda</span> <span class='ocrx_word' id='word_1_48' title='bbox 663 1962 803 2035; x_wconf 87' lang='lat' dir='ltr'>fuerunt,</span> <span class='ocrx_word' id='word_1_49' title='bbox 820 1962 897 2022; x_wconf 88' lang='lat' dir='ltr'>satis</span> <span class='ocrx_word' id='word_1_50' title='bbox 915 1979 989 2038; x_wconf 91' lang='lat' dir='ltr'>per·</span> 
     </span>
     <span class='ocr_line' id='line_1_10' title="bbox 29 2055 988 2131; baseline 0.001 -18"><span class='ocrx_word' id='word_1_51' title='bbox 29 2059 158 2131; x_wconf 79' lang='lat' dir='ltr'>spectum</span> <span class='ocrx_word' id='word_1_52' title='bbox 182 2058 251 2130; x_wconf 87' lang='lat' dir='ltr'>est,</span> <span class='ocrx_word' id='word_1_53' title='bbox 268 2057 398 2116; x_wconf 91' lang='lat' dir='ltr'>eundem</span> <span class='ocrx_word' id='word_1_54' title='bbox 422 2056 659 2118; x_wconf 80' lang='lat' dir='ltr'>sanctissimum</span> <span class='ocrx_word' id='word_1_55' title='bbox 682 2056 847 2117; x_wconf 90' lang='lat' dir='ltr'>Dominum</span> <span class='ocrx_word' id='word_1_56' title='bbox 870 2074 906 2115; x_wconf 91' lang='lat' dir='ltr'>eo</span> <span class='ocrx_word' id='word_1_57' title='bbox 922 2055 988 2131; x_wconf 92' lang='lat' dir='ltr'>ipso</span> 
     </span>
     <span class='ocr_line' id='line_1_11' title="bbox 26 2151 989 2227; baseline 0.003 -20"><span class='ocrx_word' id='word_1_58' title='bbox 26 2152 180 2226; x_wconf 86' lang='lat' dir='ltr'>tempore,</span> <span class='ocrx_word' id='word_1_59' title='bbox 196 2168 257 2227; x_wconf 93' lang='lat' dir='ltr'>quo</span> <span class='ocrx_word' id='word_1_60' title='bbox 278 2151 604 2227; x_wconf 86' lang='lat' dir='ltr'>archiepiscoporum,</span> <span class='ocrx_word' id='word_1_61' title='bbox 619 2151 834 2227; x_wconf 90' lang='lat' dir='ltr'>episcoporum</span> <span class='ocrx_word' id='word_1_62' title='bbox 850 2153 882 2210; x_wconf 92' lang='lat' dir='ltr'>et</span> <span class='ocrx_word' id='word_1_63' title='bbox 897 2167 989 2226; x_wconf 86' lang='lat' dir='ltr'>regu-</span> 
     </span>
     <span class='ocr_line' id='line_1_12' title="bbox 26 2242 989 2322; baseline 0.004 -23"><span class='ocrx_word' id='word_1_64' title='bbox 26 2242 149 2317; x_wconf 82' lang='lat' dir='ltr'><strong>larium,</strong></span> <span class='ocrx_word' id='word_1_65' title='bbox 173 2245 370 2322; x_wconf 87' lang='lat' dir='ltr'>aliorumque</span> <span class='ocrx_word' id='word_1_66' title='bbox 397 2243 428 2303; x_wconf 93' lang='lat' dir='ltr'>in</span> <span class='ocrx_word' id='word_1_67' title='bbox 451 2245 612 2322; x_wconf 83' lang='lat' dir='ltr'>pontificio</span> <span class='ocrx_word' id='word_1_68' title='bbox 633 2246 727 2306; x_wconf 85' lang='lat' dir='ltr'>Statu</span> <span class='ocrx_word' id='word_1_69' title='bbox 757 2245 879 2322; x_wconf 89' lang='lat' dir='ltr'>piorum</span> <span class='ocrx_word' id='word_1_70' title='bbox 900 2245 989 2304; x_wconf 85' lang='lat' dir='ltr'>loco·</span> 
     </span>
     <span class='ocr_line' id='line_1_13' title="bbox 24 2336 989 2417; baseline 0 -23"><span class='ocrx_word' id='word_1_71' title='bbox 24 2355 90 2395; x_wconf 88' lang='lat' dir='ltr'>rum</span> <span class='ocrx_word' id='word_1_72' title='bbox 112 2336 240 2397; x_wconf 77' lang='lat' dir='ltr'><strong>ardenti</strong></span> <span class='ocrx_word' id='word_1_73' title='bbox 262 2338 291 2396; x_wconf 91' lang='lat' dir='ltr'>in</span> <span class='ocrx_word' id='word_1_74' title='bbox 315 2357 350 2398; x_wconf 86' lang='lat' dir='ltr'>re</span> <span class='ocrx_word' id='word_1_75' title='bbox 372 2341 437 2398; x_wconf 87' lang='lat' dir='ltr'>tam</span> <span class='ocrx_word' id='word_1_76' title='bbox 460 2339 552 2417; x_wconf 85' lang='lat' dir='ltr'>gravi</span> <span class='ocrx_word' id='word_1_77' title='bbox 570 2338 674 2398; x_wconf 88' lang='lat' dir='ltr'>studio</span> <span class='ocrx_word' id='word_1_78' title='bbox 696 2342 789 2414; x_wconf 85' lang='lat' dir='ltr'>atque</span> <span class='ocrx_word' id='word_1_79' title='bbox 812 2353 917 2398; x_wconf 87' lang='lat' dir='ltr'>amore</span> <span class='ocrx_word' id='word_1_80' title='bbox 931 2336 989 2395; x_wconf 91' lang='lat' dir='ltr'>mi-</span> 
     </span>
     <span class='ocr_line' id='line_1_14' title="bbox 24 2430 987 2510; baseline -0.001 -21"><span class='ocrx_word' id='word_1_81' title='bbox 24 2430 110 2490; x_wconf 89' lang='lat' dir='ltr'>rifice</span> <span class='ocrx_word' id='word_1_82' title='bbox 135 2431 363 2504; x_wconf 75' lang='lat' dir='ltr'>delectabatur,</span> <span class='ocrx_word' id='word_1_83' title='bbox 387 2449 555 2510; x_wconf 85' lang='lat' dir='ltr'><strong>numquam</strong></span> <span class='ocrx_word' id='word_1_84' title='bbox 577 2432 826 2508; x_wconf 75' lang='lat' dir='ltr'>praetermisisse</span> <span class='ocrx_word' id='word_1_85' title='bbox 850 2431 987 2503; x_wconf 90' lang='lat' dir='ltr'>omnino,</span> 
     </span>
     <span class='ocr_line' id='line_1_15' title="bbox 23 2524 997 2603; baseline 0 -21"><span class='ocrx_word' id='word_1_86' title='bbox 23 2525 54 2582; x_wconf 93' lang='lat' dir='ltr'>in</span> <span class='ocrx_word' id='word_1_87' title='bbox 76 2525 287 2584; x_wconf 87' lang='lat' dir='ltr'>conditionem</span> <span class='ocrx_word' id='word_1_88' title='bbox 310 2542 472 2603; x_wconf 87' lang='lat' dir='ltr'>moresque</span> <span class='ocrx_word' id='word_1_89' title='bbox 493 2542 600 2584; x_wconf 85' lang='lat' dir='ltr'>eorum</span> <span class='ocrx_word' id='word_1_90' title='bbox 621 2525 765 2585; x_wconf 88' lang='lat' dir='ltr'>exsulum</span> <span class='ocrx_word' id='word_1_91' title='bbox 781 2542 872 2602; x_wconf 89' lang='lat' dir='ltr'>quam</span> <span class='ocrx_word' id='word_1_92' title='bbox 891 2524 997 2583; x_wconf 87' lang='lat' dir='ltr'>soler·-</span> 
     </span>
     <span class='ocr_line' id='line_1_16' title="bbox 24 2616 987 2695; baseline -0.003 -18"><span class='ocrx_word' id='word_1_93' title='bbox 24 2617 143 2677; x_wconf 89' lang='lat' dir='ltr'>tissime</span> <span class='ocrx_word' id='word_1_94' title='bbox 165 2617 349 2694; x_wconf 86' lang='lat' dir='ltr'>inquirere,</span> <span class='ocrx_word' id='word_1_95' title='bbox 373 2621 409 2678; x_wconf 90' lang='lat' dir='ltr'>ut</span> <span class='ocrx_word' id='word_1_96' title='bbox 429 2635 537 2695; x_wconf 91' lang='lat' dir='ltr'>nempe</span> <span class='ocrx_word' id='word_1_97' title='bbox 566 2637 585 2678; x_wconf 94' lang='lat' dir='ltr'>a</span> <span class='ocrx_word' id='word_1_98' title='bbox 605 2618 813 2691; x_wconf 75' lang='lat' dir='ltr'>sanctuario,</span> <span class='ocrx_word' id='word_1_99' title='bbox 839 2616 987 2694; x_wconf 84' lang='lat' dir='ltr'>quidquid</span> 
     </span>
     <span class='ocr_line' id='line_1_17' title="bbox 22 2710 988 2788; baseline -0.002 -18"><span class='ocrx_word' id='word_1_100' title='bbox 22 2711 116 2787; x_wconf 83' lang='lat' dir='ltr'>pravi</span> <span class='ocrx_word' id='word_1_101' title='bbox 132 2713 274 2788; x_wconf 87' lang='lat' dir='ltr'>irrepere</span> <span class='ocrx_word' id='word_1_102' title='bbox 289 2715 407 2787; x_wconf 86' lang='lat' dir='ltr'>posset,</span> <span class='ocrx_word' id='word_1_103' title='bbox 424 2715 599 2786; x_wconf 68' lang='lat' dir='ltr'>nuceretum</span> <span class='ocrx_word' id='word_1_104' title='bbox 615 2715 649 2772; x_wconf 89' lang='lat' dir='ltr'>et</span> <span class='ocrx_word' id='word_1_105' title='bbox 663 2727 783 2784; x_wconf 84' lang='lat' dir='ltr'>eorum,</span> <span class='ocrx_word' id='word_1_106' title='bbox 800 2711 852 2786; x_wconf 90' lang='lat' dir='ltr'>qui</span> <span class='ocrx_word' id='word_1_107' title='bbox 868 2710 988 2769; x_wconf 85' lang='lat' dir='ltr'>victum</span> 
     </span>
     <span class='ocr_line' id='line_1_18' title="bbox 23 2803 990 2883; baseline -0.001 -23"><span class='ocrx_word' id='word_1_108' title='bbox 23 2803 95 2862; x_wconf 86' lang='lat' dir='ltr'>illis</span> <span class='ocrx_word' id='word_1_109' title='bbox 114 2807 334 2883; x_wconf 89' lang='lat' dir='ltr'>receptumque</span> <span class='ocrx_word' id='word_1_110' title='bbox 355 2809 499 2878; x_wconf 81' lang='lat' dir='ltr'>amanter</span> <span class='ocrx_word' id='word_1_111' title='bbox 519 2806 693 2882; x_wconf 86' lang='lat' dir='ltr'>praebent,</span> <span class='ocrx_word' id='word_1_112' title='bbox 713 2804 880 2881; x_wconf 87' lang='lat' dir='ltr'>providere</span> <span class='ocrx_word' id='word_1_113' title='bbox 902 2806 990 2862; x_wconf 87' lang='lat' dir='ltr'>trau-</span> 
     </span>
     <span class='ocr_line' id='line_1_19' title="bbox 24 2894 989 2975; baseline 0 -23"><span class='ocrx_word' id='word_1_114' title='bbox 24 2894 203 2971; x_wconf 87' lang='lat' dir='ltr'>quillitati‚</span> <span class='ocrx_word' id='word_1_115' title='bbox 227 2915 320 2974; x_wconf 86' lang='lat' dir='ltr'>quam</span> <span class='ocrx_word' id='word_1_116' title='bbox 342 2898 412 2958; x_wconf 87' lang='lat' dir='ltr'>fleri</span> <span class='ocrx_word' id='word_1_117' title='bbox 440 2903 567 2975; x_wconf 86' lang='lat' dir='ltr'>poterat</span> <span class='ocrx_word' id='word_1_118' title='bbox 594 2897 776 2975; x_wconf 85' lang='lat' dir='ltr'>aptissime3</span> <span class='ocrx_word' id='word_1_119' title='bbox 799 2914 835 2956; x_wconf 84' lang='lat' dir='ltr'>ao</span> <span class='ocrx_word' id='word_1_120' title='bbox 865 2896 989 2953; x_wconf 93' lang='lat' dir='ltr'>demum</span> 
     </span>
     <span class='ocr_line' id='line_1_20' title="bbox 25 2988 989 3052; baseline 0 -6"><span class='ocrx_word' id='word_1_121' title='bbox 25 2991 232 3050; x_wconf 85' lang='lat' dir='ltr'>necessariam</span> <span class='ocrx_word' id='word_1_122' title='bbox 248 2990 364 3052; x_wconf 83' lang='lat' dir='ltr'>habere</span> <span class='ocrx_word' id='word_1_123' title='bbox 379 2991 533 3052; x_wconf 89' lang='lat' dir='ltr'>rationem</span> <span class='ocrx_word' id='word_1_124' title='bbox 549 2991 650 3050; x_wconf 87' lang='lat' dir='ltr'>iustae</span> <span class='ocrx_word' id='word_1_125' title='bbox 666 2988 900 3050; x_wconf 86' lang='lat' dir='ltr'>distributionis</span> <span class='ocrx_word' id='word_1_126' title='bbox 916 3006 989 3046; x_wconf 89' lang='lat' dir='ltr'>one-</span> 
     </span>
     <span class='ocr_line' id='line_1_21' title="bbox 21 3082 989 3161; baseline 0 -19"><span class='ocrx_word' id='word_1_127' title='bbox 21 3100 114 3159; x_wconf 91' lang='lat' dir='ltr'>rum,</span> <span class='ocrx_word' id='word_1_128' title='bbox 146 3103 224 3161; x_wconf 86' lang='lat' dir='ltr'>quae</span> <span class='ocrx_word' id='word_1_129' title='bbox 255 3085 434 3145; x_wconf 83' lang='lat' dir='ltr'>incumbere</span> <span class='ocrx_word' id='word_1_130' title='bbox 460 3103 519 3144; x_wconf 91' lang='lat' dir='ltr'>non</span> <span class='ocrx_word' id='word_1_131' title='bbox 549 3086 668 3145; x_wconf 86' lang='lat' dir='ltr'>sineret</span> <span class='ocrx_word' id='word_1_132' title='bbox 695 3083 820 3143; x_wconf 89' lang='lat' dir='ltr'>dilectis</span> <span class='ocrx_word' id='word_1_133' title='bbox 855 3082 989 3142; x_wconf 87' lang='lat' dir='ltr'>subditis</span> 
     </span>
     <span class='ocr_line' id='line_1_22' title="bbox 22 3173 989 3256; baseline -0.001 -21"><span class='ocrx_word' id='word_1_134' title='bbox 22 3176 100 3251; x_wconf 89' lang='lat' dir='ltr'>suis,</span> <span class='ocrx_word' id='word_1_135' title='bbox 125 3177 186 3237; x_wconf 91' lang='lat' dir='ltr'>nisi</span> <span class='ocrx_word' id='word_1_136' title='bbox 208 3177 408 3256; x_wconf 85' lang='lat' dir='ltr'>gravioribus</span> <span class='ocrx_word' id='word_1_137' title='bbox 429 3178 592 3255; x_wconf 81' lang='lat' dir='ltr'>religionis</span> <span class='ocrx_word' id='word_1_138' title='bbox 613 3177 715 3238; x_wconf 85' lang='lat' dir='ltr'>causis</span> <span class='ocrx_word' id='word_1_139' title='bbox 737 3177 882 3236; x_wconf 86' lang='lat' dir='ltr'>inductus</span> <span class='ocrx_word' id='word_1_140' title='bbox 897 3176 934 3235; x_wconf 89' lang='lat' dir='ltr'>ad</span> <span class='ocrx_word' id='word_1_141' title='bbox 956 3173 989 3234; x_wconf 89' lang='lat' dir='ltr'>id</span> 
     </span>
     <span class='ocr_line' id='line_1_23' title="bbox 23 3270 1010 3330; baseline 0.002 -2"><span class='ocrx_word' id='word_1_142' title='bbox 23 3270 146 3330; x_wconf 86' lang='lat' dir='ltr'>fuisset.</span> <span class='ocrx_word' id='word_1_143' title='bbox 1009 3279 1010 3282; x_wconf 76' lang='grc'>’</span> 
     </span>
    </p>
   </div>
   <div class='ocr_carea' id='block_1_5' title="bbox 25 3417 991 3632">
    <p class='ocr_par' dir='ltr' id='par_1_5' title="bbox 25 3417 991 3632">
     <span class='ocr_line' id='line_1_24' title="bbox 86 3417 991 3476; baseline -0.004 -10"><span class='ocrx_word' id='word_1_144' title='bbox 86 3421 121 3473; x_wconf 86' lang='grc'>(1)</span> <span class='ocrx_word' id='word_1_145' title='bbox 137 3422 210 3468; x_wconf 83' lang='lat' dir='ltr'>Hanc</span> <span class='ocrx_word' id='word_1_146' title='bbox 236 3419 377 3476; x_wconf 81' lang='lat' dir='ltr'>Epistulam</span> <span class='ocrx_word' id='word_1_147' title='bbox 403 3431 434 3465; x_wconf 87' lang='lat' dir='ltr'>ex</span> <span class='ocrx_word' id='word_1_148' title='bbox 454 3418 540 3464; x_wconf 87' lang='lat' dir='ltr'>italico</span> <span class='ocrx_word' id='word_1_149' title='bbox 563 3418 590 3464; x_wconf 92' lang='lat' dir='ltr'>in</span> <span class='ocrx_word' id='word_1_150' title='bbox 613 3417 722 3464; x_wconf 84' lang='lat' dir='ltr'>latinum</span> <span class='ocrx_word' id='word_1_151' title='bbox 743 3417 837 3462; x_wconf 84' lang='lat' dir='ltr'>idioma</span> <span class='ocrx_word' id='word_1_152' title='bbox 860 3417 991 3464; x_wconf 83' lang='lat' dir='ltr'>transtulit</span> 
     </span>
     <span class='ocr_line' id='line_1_25' title="bbox 25 3491 987 3554; baseline -0.002 -13"><span class='ocrx_word' id='word_1_153' title='bbox 25 3500 43 3544; x_wconf 88' lang='lat'>1.</span> <span class='ocrx_word' id='word_1_154' title='bbox 54 3501 84 3546; x_wconf 86' lang='grc' dir='ltr'>Δ.</span> <span class='ocrx_word' id='word_1_155' title='bbox 97 3500 125 3545; x_wconf 87' lang='grc' dir='ltr'>Ζ.</span> <span class='ocrx_word' id='word_1_156' title='bbox 139 3498 164 3543; x_wconf 86' lang='lat' dir='ltr'>S.</span> <span class='ocrx_word' id='word_1_157' title='bbox 177 3497 265 3543; x_wconf 72' lang='lat' dir='ltr'>Theol.</span> <span class='ocrx_word' id='word_1_158' title='bbox 277 3497 303 3542; x_wconf 86' lang='lat' dir='ltr'>et</span> <span class='ocrx_word' id='word_1_159' title='bbox 313 3497 367 3542; x_wconf 82' lang='lat' dir='ltr'>LU.</span> <span class='ocrx_word' id='word_1_160' title='bbox 380 3496 481 3551; x_wconf 88' lang='lat' dir='ltr'>Ductor,</span> <span class='ocrx_word' id='word_1_161' title='bbox 493 3496 569 3541; x_wconf 84' lang='lat' dir='ltr'>natus</span> <span class='ocrx_word' id='word_1_162' title='bbox 578 3495 605 3540; x_wconf 92' lang='lat' dir='ltr'>in</span> <span class='ocrx_word' id='word_1_163' title='bbox 616 3493 731 3540; x_wconf 81' lang='lat' dir='ltr'>Diuecesi</span> <span class='ocrx_word' id='word_1_164' title='bbox 741 3492 898 3541; x_wconf 71' lang='lat' dir='ltr'>&#39;tridentina</span> <span class='ocrx_word' id='word_1_165' title='bbox 911 3491 987 3554; x_wconf 85' lang='lat' dir='ltr'>(th.</span> 
     </span>
     <span class='ocr_line' id='line_1_26' title="bbox 28 3569 252 3632; baseline -0.004 -14"><span class='ocrx_word' id='word_1_166' title='bbox 28 3569 99 3621; x_wconf 82' lang='lat' dir='ltr'>Edit.</span> <span class='ocrx_word' id='word_1_167' title='bbox 113 3569 252 3632; x_wconf 81' lang='lat' dir='ltr'>uu.1800.)</span> 
     </span>
    </p>
   </div>
   <div class='ocr_carea' id='block_1_6' title="bbox 121 3676 896 3729">
    <p class='ocr_par' dir='ltr' id='par_1_6' title="bbox 121 3676 896 3729">
     <span class='ocr_line' id='line_1_27' title="bbox 121 3676 896 3729; baseline -0.005 -3"><span class='ocrx_word' id='word_1_168' title='bbox 121 3676 179 3729; x_wconf 87' lang='lat' dir='ltr'>Vol.</span> <span class='ocrx_word' id='word_1_169' title='bbox 199 3676 244 3726; x_wconf 90' lang='lat' dir='ltr'>II.</span> <span class='ocrx_word' id='word_1_170' title='bbox 883 3678 896 3722; x_wconf 90' lang='lat'>1</span> 
     </span>
    </p>
   </div>
   <div class='ocr_carea' id='block_1_7' title="bbox 0 0 1248 4204">
    <p class='ocr_par' dir='ltr' id='par_1_7' title="bbox 0 0 1248 4204">
     <span class='ocr_line' id='line_1_28' title="bbox 0 0 1248 4204; baseline 0 1"><span class='ocrx_word' id='word_1_171' title='bbox 0 0 1248 4204; x_wconf 95' lang='lat' dir='ltr'> </span> 
     </span>
    </p>
   </div>
  </div>
 </body>
</html>
