2426 4192
639 229 818 290 -212-

533 443 683 498 mntem
701 415 840 497 veni·
861 437 918 514 (1).

557 632 750 676 Vspensium
771 631 892 676 sanum

608 787 848 850 OCTAVIO

490 968 737 1044 Arobiepisoopo
757 966 972 1026 Nazianzeno

455 1140 627 1222 rius
681 1100 875 1218 ruri
926 1137 995 1216 vn.

366 1353 454 1410 Van.
474 1351 607 1419 mter,
621 1347 773 1406 salntem
795 1351 831 1404 et
849 1347 1092 1417 apostolieum

578 1440 873 1499 Benediossonem.

306 1648 341 1706 In
363 1642 504 1704 maximis
524 1641 621 1712 euris,
637 1639 893 1718 gravissimisque
914 1638 1080 1699 aerumnis
1100 1638 1189 1716 quibus

248 1736 387 1817 oppressi
400 1735 578 1796 iamdudum
600 1733 799 1794 succumbere
819 1732 1050 1805 debuissemus,
1069 1733 1128 1791 nisi
1141 1732 1187 1791 Nos

247 1829 477 1908 omnipotentis
497 1829 628 1886 dextera
648 1826 808 1898 firmaret3
831 1824 994 1884 doloribus
1010 1844 1111 1886 novae
1123 1822 1188 1884 infir·

247 1923 382 1996 mitatis,
397 1940 457 1999 qua
471 1920 660 1990 laboramus,
684 1919 788 1978 nullus
803 1919 944 1977 acerbior
959 1919 1092 1996 adiungi
1106 1915 1188 1996 potnit

246 2019 315 2093 illo,
338 2034 428 2095 quem
447 2013 544 2077 Nobis
570 2013 750 2074 attulerunt
770 2014 856 2072 Tuae
877 2013 918 2075 20
937 2016 973 2071 et
991 2013 1034 2074 25
1052 2009 1186 2072 currentis

246 2112 340 2172 huius
360 2110 474 2170 mensis
496 2111 532 2168 ad
555 2109 618 2169 Nos
639 2109 729 2167 datae
750 2107 899 2181 litterae,
921 2107 1035 2184 quibus
1056 2101 1187 2168 Nobissi·

247 2204 388 2283 gniiioas,¹
401 2200 656 2280 aproiessoribus
670 2200 803 2278 collegii
822 2200 954 2262 Romam
969 2203 1003 2259 et
1016 2199 1188 2277 Sapientior

246 2297 309 2358 iam
330 2313 406 2372 pure
433 2299 466 2355 ot
486 2293 674 2371 simpliciter
702 2294 850 2353 emissum
877 2294 975 2354 fuisse
996 2295 1188 2354 iuramentum

246 2387 477 2450 Constitutione
508 2391 647 2448 Romana
680 2386 920 2463 praescriptum.
942 2389 1063 2448 Nostra
1090 2388 1126 2449 de
1147 2389 1188 2446 no

246 2484 361 2557 puncto
382 2498 472 2541 sensa
491 2481 554 2541 iam
575 2483 611 2541 D.
628 2479 760 2539 Posseri
780 2479 884 2555 palam
905 2480 1099 2556 feeeramns,
1119 2485 1188 2540 etex

246 2573 347 2651 primo
367 2573 584 2634 instructionis
614 2574 689 2633 folio
709 2591 728 2633 a
749 2574 794 2632 Te
817 2573 908 2646 (itero
935 2576 1082 2634 Romano
1109 2579 1189 2636 mans·

246 2668 353 2741 misso,
375 2668 463 2728 euius
483 2669 644 2744 exemplar
663 2666 761 2730 Nobis
781 2667 875 2727 etiam
897 2667 1115 2742 transmittis,
1138 2682 1189 2744 por·

246 2760 392 2839 spirimus
405 2764 523 2824 Nostra
542 2763 617 2820 haee
632 2779 721 2821 sensa
742 2779 801 2819 non
815 2760 911 2820 fuisse
932 2760 1006 2819 Tibi
1027 2757 1186 2838 ignotan-

245 2855 368 2933 quidem
388 2855 529 2914 videmus
549 2873 568 2913 a
588 2857 633 2914 Te
654 2856 845 2933 propositam
876 2855 1005 2914 eandem
1038 2845 1185 2915 iuramenti

245 2947 424 3022 formulam,
439 2966 517 3025 quae
537 2965 556 3007 a
576 2948 673 3009 Nobis
695 2948 800 3007 fuerat
823 2946 1004 3024 approbata.
1016 2949 1088 3008 Non
1104 2959 1186 3024 possu-

246 3055 313 3101 mus
336 3040 438 3118 igitor
461 3040 745 3116 comprehendere,
762 3040 915 3116 quomodo
942 3043 1082 3099 mentem
1103 3036 1185 3097 subito

245 3135 368 3193 mutere
396 3132 554 3209 potueris3
577 3134 610 3191 et
630 3150 699 3191 eum
721 3150 827 3191 omnes
856 3131 1046 3208 professores
1065 3149 1134 3191 enm
1152 3143 1188 3204 ps

244 3227 346 3287 riculo
368 3227 584 3304 cuiuscumque
604 3226 765 3298 iacturae,
790 3229 826 3284 ut
847 3224 981 3299 asseris,
1003 3226 1042 3285 ad
1063 3222 1188 3284 obedien·

246 3317 318 3379 dum
339 3318 459 3379 fuerint
479 3317 682 3395 paratissimi,
704 3336 764 3394 quo
786 3321 879 3394 paeto
899 3317 1040 3394 potueris
1060 3316 1187 3376 emittere

307 3447 345 3502 (1)
361 3448 431 3504 Quos
446 3447 555 3494 habetur
569 3447 598 3493 in
613 3445 716 3494 collect.
735 3447 812 3493 Brev.
826 3443 866 3492 Pii
875 3443 943 3492 Edit.
960 3457 1000 3492 an.
1019 3436 1187 3491 laborent

244 3533 304 3581 pag.
320 3523 376 3571 262.
