2426 4192
250 314 425 391 proposuit,
441 315 476 374 ad
500 331 578 390 quae
599 314 691 374 iuxta
705 333 827 375 sensum
842 313 1008 374 Pontiflois
1028 312 1085 372 sibi
1104 311 1186 386 exple

251 413 370 480 ratum,
385 408 452 488 ipso
467 408 619 468 Pontifloe
634 409 760 468 iubente
779 427 814 468 eo
828 408 919 468 modo
933 406 1187 468 reverendissimus

251 502 422 562 Isaurensis
442 501 607 578 episcopus
629 501 803 578 respondit,
827 520 917 579 quem
940 518 980 561 ex
1002 501 1139 561 adiuncto
1156 499 1187 558 io·

250 594 691 672 lio(1)reverendissimact
712 595 931 654 illustrissima
956 594 1128 655 Dominutio
1149 597 1187 652 tm

251 689 428 768 perspiciet.
446 692 523 749 Rem
538 707 633 766 porro
654 693 767 761 totam,
784 690 908 767 qualem
923 690 1016 748 modo
1032 688 1148 750 narravi
1159 704 1186 745 ex

253 801 307 844 ore
329 783 526 844 Sanctissimi
547 784 671 845 Domini
692 785 802 845 Nostri
823 784 930 854 didici,
947 801 1018 843 oum
1040 801 1138 842 mense
1154 800 1188 840 se·

252 877 387 955 ptembri
408 878 482 939 anni
497 878 637 955 proxime
659 877 757 954 elapsi
771 878 955 939 Florentiae
977 876 1045 936 eius
1065 877 1187 936 inssacc·

251 988 416 1048 pessorem.
435 971 518 1030 ldem
539 971 604 1048 ipse
625 970 703 1030 mihi
717 972 925 1048 archetypum
946 971 1105 1050 exemplar
1122 968 1187 1026 litte

252 1081 359 1124 rarum
390 1064 523 1142 episcopi
548 1063 719 1124 Isauronsis
747 1065 785 1123 ad
808 1065 1011 1122 Grassensem
1040 1061 1185 1138 episcopum

252 1157 408 1227 exhihuit,
424 1159 515 1234 qnod,
532 1157 696 1217 deficiente
712 1160 782 1218 tuta
795 1156 969 1228 occasione,
984 1154 1120 1232 ablegari
1133 1171 1186 1211 non·

252 1252 324 1310 dum
347 1254 503 1327 potuerat,
520 1252 660 1327 quodque
681 1268 738 1327 ego
754 1249 882 1326 propria
903 1268 995 1309 manu
1012 1247 1157 1324 descripsi.

250 1339 254 1350 “
311 1345 508 1404 Concordant
520 1362 590 1402 cum
612 1361 707 1421 supra
721 1344 848 1403 laudato
869 1340 1069 1403 Sanctissimi
1089 1335 1185 1401 Domini

251 1435 360 1497 Nostri
382 1435 496 1494 iudicio
518 1435 704 1512 apostolicae
720 1436 848 1495 litterae
870 1434 986 1494 amoris
1001 1451 1036 1494 ac
1055 1432 1186 1492 existima·

252 1529 346 1588 tionis
368 1528 498 1605 plenae,
527 1527 621 1605 paulo
650 1531 723 1588 anto
745 1529 782 1588 ad
805 1527 1086 1586 eminentissimum
1112 1522 1186 1583 carli·

251 1621 353 1680 nalem
380 1621 646 1698 archiepiscopum
673 1619 928 1680 Mechliniensem
954 1622 1058 1691 datae,
1081 1631 1184 1696 quarum

251 1713 320 1773 ideo
342 1714 503 1790 exemplar
524 1714 568 1792 (2)
584 1713 668 1772 hisce
689 1715 813 1790 paginis
830 1716 998 1774 adnectere
1020 1714 1117 1773 iuvat.
1131 1713 1184 1771 Onu

250 1806 332 1866 enim
354 1807 593 1866 eminentissimi
613 1807 789 1868 cardinalis
811 1807 842 1866 in
872 1808 1046 1868 tolerandis
1076 1801 1184 1866 adversis

251 1901 460 1960 constantiam
482 1901 580 1960 tantis
609 1901 739 1961 attollat
767 1901 911 1961 laudibus
935 1900 1095 1971 Pontifex,
1114 1911 1184 1970 eaque

248 1993 304 2054 ⁴vel
324 1995 458 2053 maxime
472 1994 504 2052 in
527 1995 686 2053 subeunda
700 1995 739 2053 ob
759 1996 943 2071 denegatum
967 1994 1097 2071 impium
1110 2003 1202 2050 sacru-¹

250 2091 391 2146 mentum
412 2086 517 2147 exsilii
533 2105 630 2164 poena
650 2088 802 2160 eluxerit,
818 2107 854 2148 eo
877 2090 965 2147 modo
981 2088 1089 2164 utique
1108 2087 1184 2144 osten·

252 2180 300 2240 dit
320 2180 398 2239 illud
420 2180 520 2256 ipsum
548 2179 759 2240 iuramentum
782 2180 840 2239 sibi
863 2181 1014 2240 maiorem
1036 2179 1067 2238 in
1089 2175 1183 2237 modum

241 2271 432 2348 [improbari.
450 2275 601 2349 Superest
623 2275 659 2332 ut
680 2272 759 2346 tibi,
784 2274 1044 2334 reverendissime
1067 2264 1201 2371 praesuli*

251 2363 408 2442 perfectae
429 2365 672 2426 existimationis
691 2384 778 2425 meae
808 2383 916 2426 sensus
942 2371 1115 2436 contester,
1135 2373 1182 2419 mn

251 2456 362 2534 quibus
384 2457 571 2530 subscribor,
587 2461 799 2518 reveremini
820 2458 939 2519 illustr.
956 2460 1036 2517 dom.
1054 2461 1133 2526 tuae,

695 2554 990 2630 obsequiosissimus
1011 2569 1126 2620 servus,

761 2647 806 2707 Η.
822 2649 977 2724 Arcticp.
998 2647 1087 2724 Tyri,

748 2743 892 2801 Nuntius
913 2743 1101 2818 apostolicus

310 2979 349 3033 (1)
363 2977 462 3024 Folium
476 2977 548 3024 ‘istud
563 2979 641 3025 habea
659 2991 737 3037 supra
753 2981 827 3026 Num.
846 2981 913 3026 LVI.
930 2992 988 3038 pag.
1002 2981 1057 3026 178.

311 3055 347 3108 (2)
364 3054 527 3112 Apoetolicae
543 3055 591 3100 han
605 3053 707 3101 litteren
723 3052 782 3101 vide
800 3054 916 3112 superine
942 3055 1038 3102 relatae
1062 3053 1128 3099 Num.
1141 3043 1181 3092 ull·

249 3141 307 3189 pag.
328 3131 381 3178 169.

653 3349 811 3372 «μ..-
