2426 4192
422 158 600 218 -167-

42 263 198 340 inquibus
222 264 298 323 data
321 264 464 337 fuerint,
492 262 691 324 convenienti
715 265 803 323 modo
823 280 990 340 reparave-

41 353 110 416 rint.

90 451 120 508 4.
140 448 230 511 Nihil
251 452 308 509 aut
334 466 443 525 parum
475 449 588 510 saltem
616 449 801 509 incommodi
828 467 882 508 seu
913 450 989 509 mali

39 540 213 616 timendum,
228 546 352 602 atvero
367 543 500 602 multum
515 541 668 603 utilitatis
690 562 743 603 sen
768 543 841 602 boui
862 560 989 619 speran-

37 637 100 694 dum
113 635 229 709 videri,
245 635 272 694 si
286 638 477 696 memoratae
499 635 669 698 facultates
683 637 877 714 generaliter
892 636 989 696 omni-

37 728 85 787 bns
106 732 353 790 concederentur
378 731 590 792 sacerdotibus
609 730 839 803 saecularibus,
861 730 913 790 vel
936 747 988 789 re-

37 820 203 896 gularibus,
217 821 284 881 sive
298 823 441 898 parochis
456 825 523 883 sive
547 843 618 898 non,
632 823 684 900 qni
703 821 987 898 comprehensionis

36 931 100 972 suae
124 918 266 992 tempore
282 933 300 974 a
315 916 380 975 suis
394 916 569 994 Ordinariis
582 916 734 994 legitimis
756 915 881 975 iamiam
896 917 987 974 erant

35 1007 202 1083 approbati,
224 1009 336 1086 quique
359 1013 429 1085 post
448 1027 535 1069 suam
558 1008 862 1087 comprehensionem
878 1009 989 1083 depor-

35 1101 87 1158 tati
110 1101 255 1175 fuerint;
285 1103 447 1162 dummodo
479 1107 583 1164 tamen
612 1103 746 1163 civicum
775 1102 986 1161 iuramentum

35 1192 207 1254 nullatenus
234 1197 473 1271 praestiterint,
499 1201 556 1257 aut
579 1196 606 1256 ei
627 1198 656 1256 id
683 1193 921 1274 praestiterint,
948 1195 987 1254 ab

34 1304 63 1344 eo
75 1287 218 1365 legitime
232 1289 368 1349 absoluti
382 1289 511 1350 fuerint.

84 1381 113 1439 5.
136 1384 303 1454 Interesse,
329 1388 445 1442 utnon
472 1387 594 1444 tantum
617 1401 688 1442 suas
709 1381 856 1453 invicem,
876 1381 927 1438 ssd
953 1384 986 1439 et

34 1475 160 1535 omnium
177 1474 209 1533 in
226 1476 359 1534 navibus
373 1477 595 1537 exsistentium
616 1475 836 1546 consessiones,
853 1474 986 1532 durante

33 1567 252 1643 deportationis
274 1570 401 1643 itinere,
423 1570 566 1647 excipere
589 1570 721 1646 possint.

83 1663 111 1721 6.
135 1665 293 1722 Interesse
308 1664 477 1741 etquidem
497 1665 631 1724 multum
654 1663 768 1736 videri,
784 1666 821 1723 ut
835 1660 986 1721 eiusmodi

33 1749 96 1811 fidei
115 1754 323 1829 confessores,
336 1774 404 1816 cum
420 1757 459 1816 ad
473 1757 638 1829 Guianam,
662 1775 715 1816 seu
737 1758 775 1815 ad
797 1757 894 1815 alium
909 1773 986 1831 qua-

32 1844 216 1925 lemcumque
239 1867 345 1909 eornm
361 1851 572 1927 deportationi
587 1850 777 1910 destinatum
799 1849 901 1908 locum
915 1865 987 1925 per-

32 1943 182 2015 venerint,
196 1944 346 2020 praefstis
360 1943 444 2004 hisce
464 1945 606 2004 omnibns
627 1944 676 2004 uti
697 1927 901 2003 facultatibus
915 1959 986 2018 pos-

33 2033 97 2110 sint,
120 2039 206 2098 sicut
226 2041 260 2097 et
281 2038 336 2098 alii
356 2056 462 2098 omnes
483 2042 577 2098 antea
597 2039 659 2098 iam
681 2036 850 2114 deportati,
877 2036 931 2112 qui
952 2035 985 2093 in

31 2125 88 2202 ipso
110 2131 341 2208 deportationis
362 2149 436 2191 snae
461 2136 619 2208 tempore,
642 2149 661 2190 a
681 2128 870 2208 respectivis
891 2127 985 2187 Ordi-

33 2223 119 2282 nariis
147 2222 214 2284 suis
243 2223 396 2300 legitimis
424 2223 550 2284 iamiam
579 2224 743 2300 approbati
773 2221 984 2293 exsistebant,

32 2315 115 2390 atque
140 2316 190 2378 ita
212 2318 247 2375 ut
268 2317 504 2393 deportatcrum
529 2316 645 2393 singuli
672 2317 729 2376 tali
756 2316 844 2374 modo
874 2331 984 2391 appro-

32 2405 106 2480 bati,
129 2411 164 2469 in
188 2410 373 2486 respectivis
395 2411 444 2469 sui
470 2410 561 2469 exilii
586 2411 679 2482 locis,
707 2428 766 2468 non
789 2427 860 2469 suas
885 2407 984 2466 solum

31 2497 178 2575 invicem,
200 2503 252 2562 sed
274 2505 307 2561 et
329 2503 467 2562 omnium
488 2503 629 2562 fidelium
650 2504 763 2562 ibidem
789 2519 985 2562 commoran-

32 2590 101 2652 tium
113 2594 323 2654 confessiones
335 2595 490 2671 excipere,
503 2599 536 2654 et
547 2595 757 2667 matrimonia,
771 2595 796 2655 si
808 2595 839 2653 id
852 2595 985 2655 circum·

32 2685 159 2751 stantiae
181 2687 433 2763 postulaverint,
457 2689 637 2748 benedicere
657 2675 796 2764 possi'nt3
820 2707 857 2748 ea
877 2692 982 2748 tamen

32 2773 101 2854 lege:
121 2781 150 2840 1.
167 2782 210 2840 Ut
230 2797 249 2839 a
271 2781 407 2840 locorum
429 2782 462 2839 in
484 2781 595 2858 quibus
616 2783 818 2854 exsulabunt,
832 2780 983 2858 legitimis

32 2884 60 2926 ac
79 2877 204 2932 sanctae
220 2873 309 2932 Sedis
329 2875 576 2934 communionem
592 2874 777 2936 habentibus
792 2872 980 2945 ordinariis,

32 2963 75 3021 rel
94 2965 233 3026 Vicariis
254 2967 446 3043 apostolicis,
469 2967 495 3026 si
518 2968 597 3027 tales
618 2967 662 3026 ibi
685 2969 761 3040 sint,
784 2972 818 3026 et
839 2968 878 3026 ad
899 2966 983 3043 ipsos

31 3059 145 3119 recurri
170 3059 291 3135 possit,
314 3061 351 3119 ad
373 3060 571 3136 excipiendas
599 3060 814 3136 praefatorum
843 3059 983 3119 fidelium

31 3151 232 3212 consessiones
244 3157 276 3212 et
287 3152 488 3212 matrimonia
502 3153 719 3226 benedicenda,
733 3153 858 3230 praevie
873 3169 985 3230 appro-

31 3238 147 3305 bentur.
164 3247 194 3305 2.
212 3247 255 3306 Ut
276 3246 308 3305 vi
329 3246 430 3305 dictae
445 3246 677 3323 approbationis
699 3246 898 3323 apostolicae,
912 3261 984 3306 suas

31 3331 157 3397 invicem
184 3339 393 3398 confessiones
421 3340 541 3399 tamdiu
570 3342 736 3401 dumtaxat
763 3340 905 3417 excipere
927 3358 984 3400 va-

31 3424 119 3505 leant,
136 3433 230 3492 donec
248 3435 287 3493 ad
306 3433 464 3510 praefatos
479 3433 674 3507 ordinarios,
689 3435 741 3495 vel
756 3432 897 3495 Vicarios
911 3451 984 3510 apo·
