2488 4204
438 259 476 272 ..
499 227 538 287 45
559 257 597 272 ..

51 333 167 409 cyclicas
189 333 318 394 litteras
340 335 512 410 imperata,
535 354 614 413 quae
636 335 733 414 ipsius
753 337 996 411 humanitatem,

49 425 322 505 liberalitatemque
353 428 545 504 singularem
580 429 722 488 omnibns
749 431 900 492 testatam
926 445 998 505 per-

48 523 125 594 petuo
145 520 277 580 facient.
294 523 556 589 Quemadmodum
571 541 648 584 vero
669 523 794 584 minime
819 523 944 596 sufficit,
961 525 998 582 ut

45 611 166 672 subsidia
188 614 398 692 colligantur,
416 634 452 676 nc
474 621 600 696 praesto
623 617 699 691 sint,
723 617 784 676 nisi
806 636 843 678 ea
864 634 924 676 nno
945 634 999 676 eo-

42 706 158 783 demque
173 711 317 784 tempore
331 727 388 785 pro
410 710 650 787 uniuscuiusque
666 711 773 788 inopia
794 709 996 787 suppediten-

42 803 104 872 tur,
124 801 173 861 ita
195 807 254 874 tn,
276 803 465 863 venerabilis
493 804 619 876 frater,
641 803 694 881 qui
716 805 831 864 merito
853 804 995 881 publicae

41 895 276 957 existimationis
299 897 423 958 laudem
444 897 636 974 collegeras,
649 901 833 988 ‘opportune
855 899 995 958 delectus

41 984 138 1061 inisti,
161 989 216 1066 qui
249 991 361 1050 nedum
390 990 527 1051 subsidia
554 989 652 1052 istaec
683 992 715 1050 in
746 1009 839 1051 unum
861 991 995 1053 collecta

40 1082 205 1156 conferres,
230 1081 282 1144 sed
311 1083 406 1144 etiam
428 1085 480 1162 qni
509 1087 546 1144 de
567 1087 654 1146 statu
682 1089 716 1145 et
737 1085 840 1163 inopia
867 1089 995 1146 tuorum

41 1175 236 1250 confratrum,
259 1178 455 1256 aliorumque
470 1179 753 1240 ecclesiasticorum
769 1180 931 1241 Gallorum
947 1179 996 1239 vi·

41 1268 124 1343 gilem
145 1291 255 1332 curam
278 1273 462 1352 susciperes,
480 1281 516 1335 ut
537 1276 574 1334 de
589 1273 737 1352 cuiusque
752 1273 928 1352 indigentia
942 1292 994 1336 eos

41 1366 173 1426 redderes
196 1367 361 1440 certiores,
377 1366 431 1444 qui
453 1368 600 1445 pecunias
614 1366 772 1446 depositas
794 1368 873 1445 apud
896 1385 928 1427 se
942 1385 995 1427 cn·

41 1461 224 1535 stodiebant3
248 1479 289 1522 ex
310 1480 371 1540 qno
392 1463 509 1523 iachim
531 1466 598 1536 est,
622 1468 658 1523 ut
685 1462 766 1524 nihil
788 1463 913 1522 omnino
935 1462 993 1522 ulli

41 1571 172 1630 nmquam
194 1556 346 1631 deluerit,
363 1560 419 1618 aut
440 1557 534 1619 desit.
550 1559 614 1618 Nos
636 1558 731 1619 semel
753 1575 790 1616 ac
815 1555 992 1617 huiusmodi

41 1647 172 1707 nuntium
194 1649 386 1726 accepimus,
400 1650 527 1712 Nostris
548 1650 579 1708 in
602 1649 704 1709 forma
723 1649 836 1709 Brevis
858 1648 990 1721 litteris,

42 1757 103 1814 quas
116 1743 173 1802 hac
194 1743 306 1803 eadem
320 1744 358 1802 de
379 1761 414 1802 re
435 1742 618 1819 scripsimus
633 1742 868 1802 venerabilibus
882 1741 994 1801 tratri-

42 1831 86 1892 bus
104 1837 362 1914 archiepiscopis,
378 1840 411 1895 et
426 1834 591 1913 episcopis,
607 1853 643 1896 ac
658 1835 782 1894 dilectis
803 1834 879 1894 liliis
900 1834 991 1894 abba·

45 1924 120 2000 tibus,
133 1931 318 2002 abbatissis,
327 1930 489 2006 capitulis,
501 1932 534 1990 et
547 1929 632 1989 clero
646 1933 709 1988 tam
722 1926 888 1998 saeculari,
901 1942 993 2002 quam

47 2023 164 2095 regulari
186 2025 397 2097 Germaniae,
420 2023 470 2082 die
492 2025 530 2084 21
545 2023 733 2085 Novembris
755 2020 925 2098 superioris
940 2037 994 2080 an.

44 2113 161 2193 111792,
177 2117 306 2178 meritis
327 2117 471 2178 laudibus
486 2119 678 2180 afficiendum
691 2116 871 2193 putavimus
885 2132 992 2192 regem

43 2206 137 2284 ipsum,
160 2215 195 2271 et
217 2213 378 2272 nationem
400 2211 580 2271 universam
595 2209 644 2270 his
668 2210 784 2270 verbis:
801 2210 890 2272 «Nos
906 2212 992 2268 certe

42 2306 160 2368 maxima
189 2307 285 2366 laude
314 2306 474 2365 cumulare
495 2306 694 2365 debemus...
718 2302 905 2381 praesertim
926 2303 992 2362 Ma·

42 2413 106 2471 gnae
118 2401 303 2462 Britanniae
318 2418 424 2478 regem
436 2400 608 2470 illustrem,
625 2402 657 2458 et
672 2399 825 2476 inclytam
842 2397 930 2456 illius
942 2415 992 2456 re-

41 2492 267 2565 minationem,
280 2493 333 2570 qui
348 2511 454 2553 omnes
467 2510 543 2568 erga
559 2493 606 2552 sui
618 2491 749 2566 similes,
762 2490 848 2550 ducti
860 2490 991 2567 quodam

42 2585 139 2658 spiritu
160 2587 383 2660 humanitatis,
400 2590 437 2647 ut
458 2586 504 2645 ait
525 2589 650 2646 sanctus
664 2583 859 2655 Ambrosius,
880 2584 990 2642 iisdem

42 2679 162 2742 subsidia
186 2681 448 2759 suppeditarunt,
469 2680 663 2740 aemulantes
685 2679 818 2757 gloriam
843 2678 991 2754 antiqno-

43 2786 100 2831 rum
112 2777 335 2848 Romanorum,
348 2776 429 2851 apud
451 2791 527 2850 quos
542 2773 709 2833 videbatur
723 2774 815 2834 valde
831 2775 989 2844 decorum,

44 2867 132 2935 patere
154 2871 261 2928 domos
282 2867 441 2926 hominum
461 2865 636 2926 illustrium
657 2866 833 2944 hospitibus
854 2862 991 2924 illustri-

44 2954 104 3033 bus3
121 2962 213 3040 idque
229 2963 325 3023 etiam
340 2961 533 3039 reipublicae
549 2979 616 3022 esse
639 2963 835 3035 ornamento,
849 2956 991 3017 homines

43 3055 173 3117 externos
198 3060 259 3116 hoc
279 3055 486 3116 liberalitatis
506 3073 620 3132 genere
642 3055 674 3114 in
698 3056 773 3118 urbe
795 3055 903 3112 nostra
928 3067 988 3109 non

44 3161 160 3220 egere.»
181 3154 259 3214 (tum
280 3155 386 3210 autem
403 3151 469 3212 Nos
491 3150 605 3223 lateat,
621 3168 695 3209 num
711 3151 769 3210 hae
784 3149 921 3209 Nostrae
934 3144 990 3204 lit-

44 3239 128 3317 terae,
150 3263 282 3321 quarum
304 3244 481 3320 exemplum
503 3245 541 3304 ad
564 3245 596 3302 te
618 3243 793 3316 mittimus,
814 3241 897 3300 istuc
918 3255 989 3316 per-

46 3336 185 3410 venerint,
212 3337 379 3398 consilium
401 3336 539 3414 cepimus
553 3337 709 3397 scribendi
723 3335 792 3409 tibi,
810 3337 919 3411 utpote
933 3332 988 3410 qui

44 3421 89 3484 ille
108 3447 156 3503 es,
179 3449 239 3508 quo
260 3432 334 3491 istic
356 3449 432 3502 rex,
456 3433 488 3490 et
510 3431 595 3490 natio
618 3449 673 3490 usa
694 3434 742 3489 est
763 3446 819 3505 pro
842 3425 989 3488 subsidiis

45 3521 220 3600 partiendis,
244 3528 337 3602 atque
370 3522 616 3596 distribuendis,
640 3525 676 3584 ut
700 3523 766 3600 ipse
797 3521 988 3582 occasionem
