2426 4192
624 211 803 270 -188-

232 338 252 380 a
273 319 404 393 tritico,
427 302 587 397 palearum
609 335 628 376 a
648 319 807 379 frumento
836 319 921 380 iacta
942 320 988 379 sit
1009 321 1183 398 segregatio,

232 415 292 473 nisi
314 416 394 491 quod
416 415 576 474 manifesti
596 414 674 474 facti
696 416 761 475 sint
782 414 824 487 ei,
840 414 894 490 qui
916 431 988 476 cum
1010 407 1184 474 intrinsecus

231 513 337 568 essent
357 509 424 586 lupi
444 527 583 586 rapaces,
603 509 707 569 induti
729 508 865 586 pellibus
887 509 997 570 ovium
1013 510 1045 570 in
1062 510 1184 570 Ecclesia

232 599 387 673 latebant,
404 607 438 662 et
457 623 534 681 quas
554 604 684 663 insidias
705 604 734 664 ei
755 607 866 681 aperte
888 623 950 664 non
973 608 1133 680 poteraut,
1146 622 1184 662 eas

231 697 353 755 occulte
374 698 647 770 machinabantur,
663 716 795 775 quorum
817 698 942 757 malitia
963 717 1001 758 ac
1026 699 1125 771 fraus,
1139 698 1183 758 alsi

231 793 307 851 haec
329 793 396 870 ipsa
417 792 500 851 mala
521 790 719 866 accidissent,
740 808 863 866 semper
883 790 972 851 inter
985 793 1055 854 Nos
1076 797 1113 854 ad
1133 813 1183 854 san·

231 884 376 944 etitatem
398 883 555 945 Ecclesiae
577 885 772 956 tentandam,
789 901 950 960 moresque
972 885 1127 944 bonorum
1145 889 1181 945 de

231 979 405 1054 pravandos
427 979 551 1038 occulta
572 978 751 1050 latuissent;
775 995 873 1054 parva
894 995 933 1036 ue
954 979 1116 1040 Ecclesiae
1135 979 1181 1038 uti-

230 1071 306 1131 litas
327 1073 403 1131 haec
424 1075 507 1131 esset
528 1073 687 1149 putanda?

290 1166 366 1233 Quid
396 1183 473 1224 vero
499 1165 598 1236 illud,
627 1167 706 1242 quod
728 1183 768 1225 ex
788 1164 1013 1225 funestissimis
1043 1165 1178 1226 fructibus

230 1261 309 1332 eius,
331 1261 444 1337 quibus
465 1260 561 1318 ferme
583 1259 748 1318 universus
770 1259 853 1318 orbis
875 1258 1018 1328 interiit,
1039 1259 1178 1336 cognitum

111 1415 113 1419 ,
229 1356 278 1414 est
300 1355 425 1412 tandem
448 1353 615 1430 aliquando
632 1353 712 1428 quod
729 1350 949 1431 (nequidquam
963 1353 1080 1426 Nobis,
1093 1352 1179 1412 Vobis

229 1465 287 1524 que
303 1447 525 1526 clamantibus)
546 1447 646 1506 adhuc
668 1447 705 1504 ab
727 1445 904 1504 hominibus
919 1447 1068 1521 cognosci
1085 1445 1176 1514 noluit,

228 1541 302 1616 quid
326 1541 424 1612 velit,
447 1558 509 1617 quo
531 1542 662 1616 spectet,
686 1539 758 1615 quid
781 1539 977 1616 propositum
1003 1541 1118 1600 habeat
1135 1537 1176 1597 sibi

228 1650 377 1709 perversa
402 1633 477 1705 illa,
499 1651 577 1708 quae
599 1635 666 1690 tam
694 1632 864 1692 invalescit
886 1650 922 1692 ac
946 1635 1126 1694 dominatur
1145 1651 1177 1691 sa·
1208 1699 1209 1710 χ

229 1726 366 1802 pientia,
389 1727 476 1785 cuius
490 1743 530 1784 ex
544 1725 701 1784 beneficiis
724 1743 828 1784 omnes
851 1731 960 1803 gentes
984 1730 1172 1794 erraverunt,

232 1837 310 1895 quae
325 1821 356 1878 in
374 1839 484 1880 nomen
503 1821 654 1878 invadens
669 1819 883 1896 philosophiae
898 1838 958 1880 non
977 1839 1011 1880 sc
1033 1820 1174 1899 religiono

228 1913 420 1992 virtutisque
442 1914 625 1991 magistram
649 1915 795 1990 praebet,
817 1916 896 1990 quod
922 1917 1006 1974 esset
1034 1915 1172 1992 proprium

226 2009 416 2069 christianae
440 2027 665 2085 germanaeque
689 2011 873 2088 sapientiae,
890 2013 940 2070 sed
964 2013 1067 2072 omnis
1086 2009 1173 2087 impie·

227 2102 315 2174 tatis,
331 2103 491 2174 licentiae,
509 2101 703 2178 cupiditatis,
720 2105 881 2180 perfidiae,
899 2105 1044 2166 libidinis
1064 2105 1170 2170 artilex,

226 2196 365 2254 omnium
392 2195 621 2267 calamitatum,
645 2197 801 2273 dolorum,
824 2197 997 2258 exitiorum
1022 2195 1170 2275 parensad

225 2290 372 2362 humana,
395 2308 431 2349 ao
453 2290 561 2350 divina
582 2310 719 2369 quaeque
741 2293 955 2356 subvertenda
976 2310 1044 2352 sese
1067 2292 1171 2370 excogi-

224 2385 324 2441 tatam
348 2401 413 2442 esse
435 2385 606 2460 patefacit?
634 2389 732 2454 Quam
753 2390 812 2450 illa
832 2394 957 2470 plagam
978 2412 1019 2453 ex
1041 2395 1108 2471 ipsa
1128 2393 1169 2449 hac

222 2477 359 2548 Nostra,
389 2479 484 2552 atque
512 2480 588 2537 adeo
609 2498 648 2538 ex
670 2482 727 2541 hae
750 2486 833 2544 orbis
855 2489 1017 2546 terrarum
1049 2483 1167 2547 universi
1205 2537 1207 2562 ,

224 2570 406 2630 calamitate
434 2573 588 2648 accepisse
617 2579 754 2650 putanda
781 2584 847 2653 est,
875 2599 944 2640 cum
967 2600 1008 2641 ex
1031 2583 1072 2642 iis
1094 2577 1167 2641 tantis
1206 2585 1207 2614 ³

223 2664 371 2736 luctibus,
388 2665 499 2742 quibus
521 2685 576 2742 per
597 2687 665 2728 eam
687 2689 784 2747 genus
805 2675 975 2734 humanum
994 2676 1165 2736 funestatam

223 2760 290 2831 est,
317 2762 410 2835 atque
433 2759 464 2817 in
487 2759 554 2820 dies
576 2763 706 2838 gravius
734 2765 932 2841 funestatur,
961 2770 1096 2830 exitiosa
1119 2767 1165 2826 eius

222 2851 353 2911 consilia
381 2853 596 2927 innotuerint,
619 2859 652 2915 et
677 2859 820 2919 crudeles
848 2862 1094 2923 machinationes
1118 2859 1164 2919 sint

222 2944 427 3004 intellectae?

282 3040 328 3098 En
351 3056 407 3097 eur
429 3038 504 3097 illae
527 3039 612 3098 iuter
634 3041 891 3119 ecclesiasticam,
907 3052 940 3106 et
954 3047 1080 3107 civilem
1098 3047 1162 3122 pole·
1205 3069 1206 3096 t

222 3132 336 3190 statem
358 3135 407 3191 tot
428 3131 585 3192 excitatae
607 3132 826 3210 dissensiones,
849 3157 887 3198 en
909 3158 967 3198 our
987 3141 1020 3199 in
1041 3136 1162 3216 suspirio-

222 3243 291 3284 nem
312 3227 391 3300 apud
415 3228 559 3302 potentes
582 3233 695 3288 vocata
714 3231 872 3291 Ecclesiae
898 3235 1159 3304 auctoritamus

220 3316 253 3375 in
276 3317 440 3390 invidiam,
457 3318 588 3378 libertas
611 3321 642 3379 iu
664 3323 897 3400 captivitatem,
914 3326 1060 3387 nimirum
1074 3323 1159 3384 ulsc
1203 3375 1204 3382 ,

220 3409 336 3469 clesiae
356 3412 521 3488 praesidiis
544 3415 651 3489 generi
667 3416 801 3476 humano
816 3420 999 3494 subtractis,
1013 3411 1159 3496 impietatis

221 3504 373 3581 trophaea
394 3506 426 3563 in
448 3505 639 3582 deflagratae
661 3509 837 3587 Religionis
866 3513 1039 3587 cineribus,
1060 3511 1083 3570 si
1101 3502 1157 3566 ieri
1203 3523 1205 3556 l
