2488 4204
35 347 182 419 Perieras,
198 349 256 406 aut
276 343 418 416 clericos,
434 346 502 403 tum
523 342 710 416 saeculares,
726 345 793 402 tum
815 337 989 418 regulares,

35 439 90 498 sire
109 440 288 515 exemptos,
303 436 370 497 sive
392 453 451 496 non
473 438 647 513 exemptos,

82 532 105 591 I.
121 531 183 599 Qui
197 529 434 608 praestiterunt
452 530 664 592 iuramentum
685 527 819 588 civicum
834 527 921 608 (iare
941 541 991 587 me

32 627 155 684 nationi
175 625 276 703 fldem
296 632 512 697 servaturam,
531 625 775 702 libertatemque
789 629 821 682 et
841 622 991 699 mqaali·

29 726 121 778 tatem
133 721 386 792 imitaremur
398 723 436 779 ia
449 736 563 780 earam
573 711 988 797 defemsimemaritaram),

27 811 54 870 iu
75 811 279 884 coitionibus,
300 831 377 890 quas
398 816 514 873 vocent
535 815 631 884 clabs,
656 811 764 872 autin
787 809 991 872 conventibus

27 907 204 982 primariis,
225 910 299 967 aute
320 908 594 984 proclamationem
617 907 662 987 (1)
683 924 762 985 qnae
789 905 869 966 illud
891 904 993 965 mani·

27 999 98 1061 leste
120 1019 195 1060 cum
218 1003 413 1062 decretorum
440 1001 651 1062 universitate
672 999 849 1079 colligavit.

80 1097 120 1156 R.
138 1095 187 1154 Ad
211 1094 338 1154 dubium
359 1097 384 1155 Ι.
400 1095 469 1156 Non
491 1111 559 1154 esse
580 1094 682 1156 locum
704 1111 761 1171 pro
782 1110 864 1152 nuuc
884 1091 993 1169 poenis

27 1187 191 1256 canonicis,
208 1189 342 1248 nondum
363 1189 448 1248 edito
463 1205 519 1265 per
541 1207 596 1249 nos
611 1187 728 1248 indicio
742 1203 835 1263 snper
855 1184 993 1245 termule

27 1281 148 1341 meandi
170 1282 340 1342 iuramenti
362 1301 380 1341 a
401 1286 558 1343 conventu
590 1281 751 1342 Nationeli
780 1277 991 1357 praesarIpti3

28 1377 72 1434 sed
94 1377 269 1435 monendos
288 1393 354 1434 esse
376 1377 524 1436 Pastores
546 1379 602 1436 eut
623 1374 771 1446 clericos,
795 1378 862 1432 tum
885 1387 994 1432 saecu-

27 1469 116 1542 lares,
135 1473 205 1529 tum
227 1469 401 1546 regulares,
424 1471 490 1530 sive
512 1473 693 1547 exemptos,
716 1469 783 1528 sive
805 1484 865 1527 non
886 1479 993 1524 exem·

24 1567 101 1639 ptos,
126 1563 184 1640 qui
212 1563 387 1641 praefatum
416 1563 627 1622 iuramentum
656 1560 890 1640 praestiterunt
917 1559 992 1617 ante

30 1657 304 1732 proclamationem
327 1657 391 1717 diei
406 1659 480 1718 VIII
493 1655 661 1717 Februarii
682 1655 758 1717 anni
770 1649 940 1724 currentis,
953 1652 991 1710 ut

30 1750 191 1810 consulant
212 1751 422 1811 conscientiae
443 1767 530 1824 suae,
546 1766 617 1810 cum
638 1750 670 1809 in
693 1748 786 1808 dnbio
802 1749 907 1806 iurare
929 1761 989 1803 nou

30 1839 128 1903 liceat.

86 1937 122 1996 II.
140 1935 201 2002 Qui
215 1935 405 2012 praelatum,
415 1941 471 1996 aut
485 1953 595 2013 parum
610 1934 753 1996 absimile
768 1933 991 2006 iuramentum,

35 2026 106 2088 Istud
130 2029 283 2089 nimirum
298 2030 385 2112 (iare
398 2047 449 2091 me
463 2047 558 2106 samer
572 2031 723 2091 dioecesis
738 2037 802 2096 ¹aar
819 2027 992 2105 paroeciae

33 2139 111 2183 meae
135 2125 248 2204 fideles
271 2133 422 2186 accurate
444 2125 687 2200 visitaturam,
713 2123 765 2183 vel
790 2121 856 2183 alie
876 2119 989 2179 forma:

33 2231 75 2274 me
96 2219 286 2294 famaticmes
307 2234 394 2277 meas
408 2217 607 2277 adamussim
621 2219 841 2294 impletarum,
860 2216 994 2275 liberta·

33 2315 88 2367 tem
112 2318 144 2370 at
165 2312 411 2386 aequalitatem,
434 2306 521 2388 etc),
543 2311 717 2371 emiserunt
737 2329 777 2371 ex
798 2307 992 2388 praescripto

32 2400 126 2463 dictae
141 2402 400 2480 proclamationis
414 2421 519 2463 mense
533 2405 709 2465 Februario
727 2405 908 2482 evulgatae,
924 2402 993 2462 sive

31 2494 103 2555 illud
124 2514 203 2574 pure
226 2513 262 2554 ac
287 2497 478 2573 simpliciter
508 2499 747 2575 pronuntiatum
777 2498 897 2570 fuerit,
924 2495 992 2555 sive

32 2606 95 2648 cum
114 2589 269 2650 ementita
295 2591 348 2651 vel
378 2589 579 2654 insufficienti
602 2592 831 2669 expositionum
863 2593 920 2650 aut
940 2607 992 2650 re·

33 2683 224 2744 strictionem
247 2683 431 2744 adiectione.

89 2777 125 2836 R.
141 2775 190 2837 ed
212 2774 340 2835 dubium
355 2755 395 2838 11'.
413 2778 474 2838 Eos
494 2778 548 2853 qui
566 2777 796 2854 praestiterunt
817 2777 994 2855 praelatum

35 2865 238 2930 iuramentum
255 2869 346 2930 iuxta
367 2871 597 2949 praescriptum
612 2871 715 2933 dictae
736 2869 994 2949 proclamationis

37 2959 91 3019 diei
111 2963 184 3023 VIII
198 2963 366 3023 Februarii
388 2964 570 3041 praeteriti,
586 2965 618 3024 in
640 2983 701 3042 qua
719 2981 865 3042 expresse
886 2960 994 3039 requi·

91 3165 123 3219 ll>
139 3163 246 3212 Publiis
261 3164 286 3212 le
302 3166 318 3212 8
333 3163 439 3214 Fivrler
448 3167 519 3224 1⁷98,
536 3181 584 3226 par
599 3167 638 3214 les
654 3166 844 3216 commissalrea
853 3161 885 3211 sle
894 3162 921 3210 la
930 3161 994 3210 coa-

35 3239 130 3287 reutlou
144 3239 282 3288 Rationale
298 3239 364 3288 dane
378 3242 418 3289 les
433 3255 499 3301 pays
514 3242 546 3290 de
561 3244 590 3290 le
606 3243 699 3291 Savels
715 3239 823 3300 oooupbs
839 3253 888 3301 par
903 3241 942 3288 les
954 3252 995 3287 er·

36 3309 95 3360 mbos
110 3315 271 3378 mouisse,
281 3315 392 3374 laquelle
408 3316 509 3374 antona
525 3329 574 3364 anx
584 3316 796 3375 Eccleslasblquee
808 3315 941 3380 employis
957 3329 995 3364 aa

37 3384 122 3436 serviae
137 3389 175 3438 da
193 3389 275 3439 Oalte
299 3391 330 3438 de
355 3389 440 3450 preter
465 3393 490 3439 lc
507 3395 618 3442 serment
634 3393 666 3440 de
682 3392 848 3440 constantim
865 3393 940 3442 eivlle
956 3391 992 3439 du

37 3461 110 3524 elerge
125 3480 186 3515 sous
201 3468 276 3526 peine
300 3467 331 3514 de
345 3467 495 3516 destlmtlon
517 3470 542 3515 et
556 3469 587 3517 de
603 3467 778 3528 deportarem,
795 3469 949 3518 canaonas
966 3469 994 3516 nl

37 3539 187 3602 expllcetlom
205 3545 233 3592 ni
249 3541 361 3591 reserva.
379 3539 453 3602 (Not.
466 3541 544 3592 Edit.
558 3557 603 3592 aa.
616 3542 700 3606 1800.)
