2488 4204
444 199 600 262 ..53..

458 377 577 434 xm.

353 497 546 542 vuuuuuaiuu
566 497 685 542 ausum

283 640 520 701 IOSEPHO
549 639 762 701 maulim

344 800 501 879 Episcopo
525 799 706 862 Genavemi

253 963 424 1044 PIUS
471 961 661 1041 ΡΑΡΑ
715 963 783 1042 VI.

160 1113 406 1226 venssrraeer,
421 1154 573 1212 lalutem
594 1155 630 1210 et
650 1151 887 1222 apostolicam

375 1245 671 1305 Benedictiuuam.
737 1253 742 1260 “

96 1431 320 1496 Intelleximus
340 1448 379 1490 ex
400 1429 521 1490 littaris
535 1429 764 1491 Fraternitatis
779 1434 851 1492 tuae
873 1429 1010 1492 Taurini

39 1530 124 1610 datia
148 1525 251 1604 pridie
272 1525 331 1586 cal.
348 1523 475 1601 augusti
490 1523 583 1582 huius
605 1523 690 1596 anni,
706 1542 767 1600 qua
789 1523 913 1585 virtute
931 1524 1010 1584 Fra-

39 1623 178 1685 ternitas
199 1623 256 1679 tua
275 1618 306 1676 iu
329 1635 423 1678 causa
445 1635 504 1676 ucu
534 1616 635 1676 solum
656 1617 793 1690 Nostra,
815 1617 1011 1694 Sanctaequa
1086 1616 1110 1636 ·’

38 1715 232 1795 apostolicae
258 1714 369 1786 Sedis,
395 1714 448 1772 sed
469 1715 504 1772 et
533 1711 699 1771 universae
720 1710 794 1770 fidei
814 1710 1009 1785 catholicae,

41 1814 194 1872 adversus
215 1825 267 1868 eos
288 1826 320 1866 se
342 1807 490 1884 gesserit,
512 1805 565 1883 qui
588 1805 764 1865 novissimis
785 1805 869 1866 hisce
891 1808 1013 1882 tempo·

45 1904 138 1972 ribus,
156 1903 357 1962 attendentes
378 1900 545 1978 spiritibus
565 1899 684 1960 erroris
699 1903 820 1977 ponunt
840 1898 873 1958 iu
888 1899 1010 1962 eaelum

46 2017 76 2060 es
95 2017 206 2068 suum,
228 1996 469 2058 dominationem
491 1998 661 2073 spernunt,
685 1996 882 2056 maiestatem
896 1999 1010 2060 ‚autem

44 2094 276 2172 blasphemant,
299 2109 359 2167 qua
379 2091 440 2150 fide
461 2094 495 2150 et
515 2107 575 2166 quo
596 2090 663 2150 zelo
685 2089 797 2151 salutis
818 2089 1007 2163 animarum,

45 2207 102 2264 qua
122 2185 245 2263 pietate
266 2187 299 2244 ct
321 2184 499 2262 prudentia,
515 2200 604 2260 opem
624 2181 721 2245 etiam
735 2183 910 2244 ferentibus
929 2201 1012 2244 com·

45 2281 186 2358 pluribus
206 2277 428 2338 ecclesiasticis
449 2277 541 2350 viris,
557 2275 672 2336 eisdem
694 2277 798 2354 impiis
813 2280 847 2339 et
861 2278 1012 2340 schisma-

44 2377 115 2435 ticis
137 2372 315 2432 homiuibus
342 2373 374 2431 iu
396 2371 569 2434 sabaudiae
591 2371 706 2432 ducatu
729 2372 833 2432 omnia
847 2373 1011 2451 susdeque

47 2473 171 2528 vertere
192 2463 391 2530 conantibus,
411 2481 443 2522 se
464 2464 657 2541 opposuerit.
680 2465 764 2531 Quod
788 2465 929 2542 proiecto
950 2468 1013 2528 No·

46 2561 92 2620 bis
112 2559 224 2620 auditu
246 2556 310 2617 fuit
330 2557 558 2635 gratissimum
575 2561 608 2617 ct
628 2557 705 2617 licet
726 2559 798 2618 huic
819 2562 875 2619 tuo
897 2559 1011 2637 operi,

50 2656 139 2732 atque
170 2651 271 2712 officio
292 2650 424 2727 praemii
456 2651 542 2710 locus
574 2649 713 2711 incaelo
746 2657 779 2712 et
811 2654 891 2730 apud
914 2656 1015 2714 Deum.

50 2748 288 2824 omnipotentem
311 2743 435 2821 dignior
449 2747 482 2804 et
497 2744 599 2805 maior
620 2748 822 2821 comparatus
836 2745 890 2820 sit,
907 2749 1011 2806 tamen

53 2842 112 2901 Nos
130 2857 252 2918 quoque
275 2838 398 2915 agimus
419 2838 632 2899 Fratcunitati
653 2842 727 2917 tuae
749 2858 877 2918 magnas
899 2840 931 2898 in
952 2842 1013 2899 Dc-

52 2933 127 2993 mino
149 2932 295 3011 gratias3
321 2949 460 3007 quaeque
482 2931 633 2990 hactenus
655 2935 745 3007 gesta
766 2951 785 2992 a
804 2937 837 2991 ta
859 2933 954 3004 suut,
977 2932 1018 2992 ut

53 3025 191 3102 gliscenti
214 3022 376 3084 schismati
391 3023 511 3082 obicem
533 3041 716 3101 opponeres,
732 3028 825 3100 atque
846 3022 1013 3084 coufirma-

52 3136 96 3178 res
116 3119 223 3179 fideles
245 3117 278 3176 iu
300 3116 443 3176 doctrina
465 3135 558 3190 sana,
586 3115 670 3175 omui
692 3116 784 3177 laude
816 3116 1014 3177 commanda·

52 3229 122 3271 mus.
139 3213 199 3272 Sed
222 3228 279 3268 uec
293 3226 455 3287 pessumus
476 3209 745 3286 praetermittere,
762 3207 1012 3286 quandoquidem

54 3309 220 3380 opportuna
241 3302 328 3363 uobis
349 3320 416 3362 sese
440 3303 571 3379 praebet
590 3301 720 3375 occasio,
743 3296 868 3362 hortari
883 3304 1012 3363 candem

55 3395 296 3459 Frateuuitatem
318 3400 405 3457 tuam
435 3398 466 3457 iu
489 3398 637 3470 Domino,
661 3400 698 3456 ut
719 3396 896 3473 susceptam
917 3396 1015 3458 semel

57 3487 120 3549 idei
141 3495 265 3552 sauctae
286 3492 472 3564 catholicae,
489 3495 522 3551 et
535 3491 602 3552 eius
623 3490 687 3562 cui,
700 3479 765 3550 Deo
787 3489 899 3563 dante,
922 3507 1016 3568 puae«
