2488 4204
120 327 222 390 Maria
243 329 386 388 Stwarta
405 328 573 390 Scotorum
589 327 721 406 Regina,
738 326 842 388 iacobi
857 327 885 386 V
900 325 1025 388 Scotiae

69 422 145 499 regis
166 421 245 494 filie,
269 424 303 480 et
323 421 485 482 Francisci
506 423 536 482 ll
557 420 734 482 Galliarum
754 420 839 498 regis
854 419 966 493 vidua,
983 420 1027 480 ti-

67 515 144 576 tulos
165 518 199 574 ct
227 513 365 592 insignia
393 531 502 591 regum
523 515 658 592 Angliae
687 531 756 574 cum
785 514 1024 592 assumpsisset,

64 627 136 686 quae
158 607 222 668 iam
242 606 341 684 Angli
362 609 400 666 ad
421 607 636 670 Elisabetham
665 608 870 682 detulerant,
893 611 1026 685 quantas

59 703 97 762 ab
118 703 226 762 cadem
248 700 372 760 aemula
393 703 426 760 et
444 700 617 762 stactiosis
639 701 833 764 calvinianis
848 700 1026 762 haminibus

59 812 225 856 aerumnas
240 793 354 854 tulerit
367 795 420 854 vel
442 812 498 872 per
519 795 660 867 iusidias,
676 795 727 856 vel
744 813 798 872 per
819 795 883 855 vim
899 794 1021 867 illatas,

61 890 191 966 plurimi
211 890 364 948 enarrant
384 888 548 950 Historici.
573 891 670 967 Saepe
691 890 870 952 carceribus
890 890 1024 962 inclusa,

63 1001 150 1060 saepe
173 981 312 1042 iudicum
334 981 470 1040 examini
492 982 632 1044 subiecta
653 986 841 1061 respondere
863 999 1028 1044 recusave-

63 1079 125 1150 rat,
148 1093 219 1134 cum
241 1074 363 1134 diecret
383 1075 538 1152 Reginam
559 1094 591 1136 se
614 1077 674 1136 soli
694 1080 759 1137 Deo
785 1075 871 1136 vitae
887 1093 959 1136 suae
974 1092 1027 1135 ra·

64 1170 179 1228 tionem
194 1167 326 1227 reddere
342 1168 454 1228 teneri:
472 1170 596 1229 tandem
611 1169 706 1230 toties
724 1168 873 1246 varieque
896 1170 1026 1238 vexata,

63 1261 238 1338 respondit,
256 1260 378 1320 obieeta
392 1259 487 1321 diluit
507 1261 652 1336 crimina,
668 1279 755 1323 suam
770 1261 919 1340 probavit
933 1259 1028 1320 inno-

61 1354 212 1414 centiam.
229 1353 298 1414 Non
321 1352 439 1412 idcirco
461 1355 567 1412 tamen
588 1373 608 1414 a
628 1358 772 1432 suscepta
793 1352 1027 1430 iniquitatate-

63 1448 146 1506 dices
162 1464 195 1504 se
211 1445 456 1519 continueruut3
479 1446 512 1506 in
533 1465 601 1506 eam
617 1451 776 1525 tamquam
791 1465 891 1520 raam,
904 1447 1028 1523 iamque

61 1539 253 1611 convictam,
277 1537 388 1598 mortis
410 1540 660 1616 pronunciarunt
679 1540 879 1612 sententiam
903 1557 939 1600 ac
961 1541 1028 1600 tum

64 1650 158 1709 super
178 1635 327 1708 pegmate
348 1636 443 1708 caput
463 1631 542 1691 illud
565 1633 687 1708 regium
708 1632 771 1692 fnit
792 1632 1025 1692 detruncatum.

122 1728 169 1784 De
190 1725 251 1784 hoc
273 1727 389 1783 eventu
410 1724 598 1786 Benedictus
618 1726 694 1784 XIV
715 1724 771 1784 lib.
796 1725 816 1783 3
845 1723 893 1784 sui
919 1721 1023 1798 operis

65 1819 100 1878 de
121 1820 296 1877 Servorum
318 1817 375 1876 Dei
395 1816 631 1878 Beatidcatione
650 1835 718 1894 cap.
744 1817 793 1890 13,
816 1834 901 1877 num.
922 1815 972 1888 10,
996 1814 1028 1874 in

69 1913 138 1972 haec
169 1911 269 1970 verba
296 1909 482 1970 ratiocinari
509 1911 630 1989 pergit:
654 1909 750 1970 Side
776 1910 873 1968 leuius
894 1911 1030 1986 rapinae

73 2010 228 2088 martyrio
249 2008 397 2084 quaestio
419 2008 670 2079 institueretur,
694 2023 778 2083 quae
799 2023 899 2083 usque
923 2005 1033 2084 adhuc„

71 2104 225 2162 instituta
245 2116 314 2158 unu
335 2107 391 2170 est,
415 2099 569 2160 adversus
589 2100 790 2176 martyrium
815 2101 924 2175 ptauu
952 2104 1030 2158 essct

67 2196 225 2271 oppositio
254 2209 296 2251 eu
323 2194 489 2252 scatentia
520 2193 737 2263 desumenda,
770 2201 802 2254 et
830 2210 872 2252 eu
903 2191 1028 2260 ceteris,

67 2305 148 2364 puae
172 2287 272 2362 impie
295 2284 448 2344 adversus
469 2299 539 2344 eam
559 2285 717 2346 haeretici
730 2285 918 2346 debacchati
939 2291 1027 2354 suut,

65 2390 96 2440 et
112 2381 292 2458 praecipue
310 2377 467 2454 Georpius
481 2375 707 2437 Buntauauus
721 2381 759 2438 iu
773 2379 898 2456 infami
913 2379 1028 2449 libello,
1104 2378 1114 2392 ''

65 2477 119 2536 cui
140 2474 261 2533 titulus
275 2479 339 2530 ast:
355 2470 496 2530 Deiectio
511 2470 629 2530 Mariae
646 2469 702 2550 (1).
719 2473 765 2530 At
779 2474 808 2530 si
822 2489 902 2531 uera
915 2473 1031 2531 mortis

66 2587 167 2630 cuma
187 2568 408 2637 euamiuetur,
426 2568 497 2624 cuui
520 2564 582 2624 iiia
602 2565 831 2624 coustitucuda
846 2567 891 2624 sit
905 2566 943 2624 iu
957 2564 1031 2624 odio

67 2663 248 2724 catholicae
268 2661 449 2736 relipiouis,
466 2675 550 2736 puae
572 2659 645 2733 ipsa
664 2661 835 2734 superstite
850 2661 888 2717 iu
902 2659 1030 2734 Aupliu

128 2848 358 2908 alterutrumne
375 2845 573 2906 Ecclesiastique
591 2847 623 2894 ad
641 2860 701 2894 ann
718 2848 779 2896 1586
797 2852 852 2908 as.
865 2848 910 2896 107
928 2846 960 2894 ad
977 2849 1030 2896 112.

67 2929 127 2976 tom
137 2927 254 2975 XXXVI.
265 2925 325 2972 edit.
336 2924 418 2971 Paris
432 2924 500 2970 1751.

130 3001 260 3062 Tempesti
276 3001 343 3048 scor.
352 2999 475 3047 deflet
436 3001 492 3047 vita
507 3013 520 3047 e
537 3001 611 3058 gesta
627 2999 653 3045 di
669 2999 735 3046 Siste
753 3003 784 3048 V.
800 3001 861 3047 tem.
880 2996 903 3046 1.
920 2997 965 3044 lib.
977 2999 1032 3047 XX.

68 3093 84 3126 a
98 3079 210 3139 princip.
229 3075 300 3136 ad§.
316 3076 361 3122 XI

130 3156 203 3204 Plur.
221 3154 343 3214 Scriptor.
361 3153 465 3200 collect.
483 3152 631 3200 αΙιιιιιιοΙο
646 3152 719 3200 Jebb.
738 3151 768 3200 de
785 3151 840 3200 vita
856 3152 881 3200 at
897 3150 950 3199 reb.
968 3153 1032 3209 geu.

67 3233 274 3282 MariaeScotor.
286 3229 376 3288 Regin
387 3230 511 3276 Francius
522 3230 714 3280 Dotariaetom.
725 3230 760 3276 11.

121 3312 157 3366 (1)
174 3309 266 3356 Exstat
280 3319 333 3354 una
349 3319 406 3360 cum
423 3305 474 3354 alic
491 3304 604 3352 eiusdem
621 3303 732 3352 aucmris
742 3303 838 3360 libelle,
852 3304 893 3350 cui
903 3303 943 3354 tit.
956 3300 1034 3352 Actio

70 3392 166 3436 ceutra
181 3381 309 3442 Mariua,
324 3381 353 3432 in
370 3384 474 3432 collect.
484 3381 596 3434 Samuel.
605 3369 678 3430 teht.
689 3393 747 3440 pag.
758 3380 805 3428 237
822 3381 848 3426 et
863 3381 919 3428 250.
937 3381 997 3430 tam.
1011 3382 1035 3428 1.
1060 3381 1064 3391 ’

69 3462 115 3510 sed
131 3460 323 3519 subsequuntur
337 3457 443 3506 Mariae
455 3454 603 3518 Vindicius,
615 3457 718 3510 auctora
736 3455 828 3504 Obertc
843 3455 1037 3516 aemestapolic

69 3537 98 3586 in
113 3536 202 3586 codem
218 3536 279 3582 tom.
290 3535 311 3582 Ι.
321 3547 379 3594 pag.
391 3534 445 3582 883.
459 3563 461 3566 -
