2430 4202
436 214 615 276 ..329-

22 321 116 425 bont
138 335 207 378 eam
228 322 264 379 nt
284 320 447 397 parentem
473 320 627 399 diligere,
655 319 783 398 eiusque
809 318 1010 382 166666616-

23 412 283 582 dlr‘llalpnltlrnm
306 469 433 568 vincula
448 525 488 567 ex
502 507 666 585 religionis
678 507 843 569 debilitate
857 508 1003 570 relaxan-

24 603 103 660 tur.
122 600 149 658 Ι.
163 598 235 672 240,
251 599 321 660 241.
335 630 355 644 -
368 600 447 678 Ipsis
463 619 522 660 nou
542 601 644 662 minor
657 620 749 679 qnam
764 601 921 663 Ecclesiae
936 619 1007 678 per·

25 692 138 754 nicias
160 691 299 752 infertur
323 710 379 770 per
399 693 510 771 impios
532 694 1006 757 libros.1.235.-1110rumtu-
1073 768 1078 776 ,

25 787 105 847 tela
126 787 163 844 et
183 785 328 846 soliditas
348 790 400 846 est
420 786 493 848 fidei
515 788 641 866 religio,
657 805 736 865 quae
757 790 791 848 et
812 790 1005 865 potestatum

24 881 167 950 abusus,
191 879 444 941 atsubditorum
466 879 630 942 licentiam
653 881 852 958 comprimat.
868 882 910 941 II.
926 881 1022 942 33.-

24 975 154 1033 Eornm
169 972 254 1032 salus
278 973 475 1050 potissimum
490 974 607 1035 nititur
620 974 742 1038 (thristi
756 973 938 1048 doctrinae,
954 991 1005 1034 eo·

31 1083 177 1142 rumque
202 1063 339 1128 felicitas
360 1065 413 1126 ubi
435 1067 572 1126 omnium
593 1069 689 1146 pleno
707 1085 857 1128 consensu
879 1067 1008 1145 regibus

34 1159 204 1221 obeditur.
221 1161 246 1220 Ι.
266 1159 313 1220 17.
325 1160 453 1237 -116661
469 1162 593 1222 6611166
614 1161 771 1240 pernicies
796 1178 836 1224 ex
856 1161 1008 1239 improbis

26 1254 130 1316 libris
153 1255 233 1312 orta.
247 1255 288 1314 ll.
301 1255 468 1321 iit-Quae
490 1255 550 1332 ipsi
572 1256 727 1333 ingruunt
748 1254 843 1328 mala,
860 1257 934 1314 sunt
948 1255 1004 1314 iia·

28 1348 124 1426 gella
139 1347 195 1408 Dei
210 1350 341 1424 propter
355 1347 600 1410 inobedientiam
615 1348 740 1426 legibus
754 1348 829 1408 suis.
843 1351 869 1408 Ι.
882 1348 934 1410 33.

98 1439 309 1516 Regularium
330 1441 481 1502 instituta
492 1461 510 1502 a
522 1442 671 1503 Patribus
692 1441 876 1513 laudantur,
891 1459 911 1500 6
927 1438 1008 1500 Gui-

30 1535 148 1594 lielmo
161 1533 200 1592 de
220 1531 255 1592 S.
272 1533 390 1593 Amore
406 1534 693 1609 reprehenduntur.
706 1535 731 1593 l.
749 1530 819 1593 105.
832 1531 918 1591 -Pia
932 1535 1008 1594 vota

32 1628 70 1687 S.
95 1626 251 1686 Ludovici
285 1643 341 1703 pro
369 1625 536 1686 educandis
564 1626 640 1686 filiis
667 1625 731 1686 suis
760 1625 841 1702 apud
869 1626 1008 1702 Regula-

30 1737 100 1780 res.
122 1720 148 1778 l.
173 1719 241 1780 106.
272 1720 411 1781 Pulchra
442 1737 553 1780 corum
585 1721 724 1781 defensio
752 1738 771 1781 a
799 1717 829 1780 I.
853 1721 892 1778 de
916 1719 1008 1780 Pou-

31 1829 122 1871 mar.
133 1812 158 1870 Ι.
177 1811 236 1872 107
238 1841 269 1871 .-
279 1812 495 1889 Reprehensio
508 1818 543 1873 et
559 1831 659 1890 poena
672 1812 819 1885 Parocbi,
832 1813 897 1872 FF.
911 1814 1008 1871 Prac-

34 1906 213 1965 dicatorum
242 1905 437 1964 adiutorium
459 1923 476 1965 e
498 1905 650 1982 parocbia
671 1924 728 1966 sua
751 1922 881 1982 prorsus
905 1904 1008 1982 repel-

33 1996 146 2058 lentis.
160 1997 185 2055 l.
198 1996 249 2056 06.
266 2026 280 2040 -
298 1996 531 2073 Religiosorum
562 1997 693 2058 abolitio
722 2016 740 2058 a
762 1998 927 2060 Oonventu
953 2015 1007 2058 na·

38 2088 157 2151 tionali
178 2106 270 2165 qnam
299 2090 566 2166 reprehendenda.¹
583 2093 609 2150 Ι.
629 2090 697 2151 107.
714 2089 822 2157 -Quid
852 2090 1006 2167 agendum

36 2201 97 2262 pro
125 2198 234 2241 eorum
263 2181 403 2241 transitu
430 2184 468 2242 ad
496 2186 615 2245 statum
644 2182 849 2243 saecularem.
865 2183 891 2242 Ι.
907 2181 1007 2243 371.-

35 2279 125 2344 Quae
138 2292 246 2334 eorum
261 2274 518 2352 obligationes,'si
533 2293 641 2335 eorum
656 2274 805 2334 coenobia
815 2293 835 2334 6
845 2276 1005 2352 potestate

34 2367 130 2429 civili
158 2368 407 2447 supprimantur.
429 2370 480 2429 46.
501 2369 679 2430 ·Habitnm
701 2386 791 2429 suum
817 2385 1004 2429 conservare

36 2461 199 2522 malitiose
211 2465 374 2522 vetantur.
389 2461 468 2522 lbid.
487 2461 682 2523 Permittere
704 2461 749 2524 eis
769 2463 920 2539 poterunt
932 2461 1006 2541 Epi-

36 2555 126 2632 scopi
151 2555 242 2632 galli,
259 2555 342 2615 utin
363 2555 450 2616 aliud
473 2555 657 2616 institutum
672 2557 769 2618 etiam
784 2555 886 2615 minus
900 2558 1005 2616 auste-

34 2667 108 2710 rum
120 2651 295 2708 transeant.
306 2648 331 2708 l.
341 2647 432 2708 288.-
440 2649 572 2708 Induere
587 2652 691 2709 vestes
706 2648 881 2710 saeculares
895 2648 929 2707 et
942 2647 1005 2708 die-

33 2739 163 2820 pensari
183 2757 202 2800 a
222 2740 405 2817 regularum
433 2740 467 2798 et
493 2740 761 2802 Constitutionum
782 2743 886 2816 parte,
909 2757 1002 2816 quam

35 2856 120 2898 nunc
142 2837 208 2897 sine
233 2837 326 2914 gravi
349 2839 541 2898 incommodo
567 2838 735 2898 observare
764 2855 825 2896 non
857 2839 1016 2917 possunt„

34 2932 190 2993 lbid.-ln
209 2934 295 2992 statu
315 2929 482 2990 Pontificio
503 2929 590 2990 Galli
611 2929 777 3007 regulares
799 2929 949 2989 tenentur
970 2947 1002 2990 sa

36 3026 161 3086 referre
174 3025 213 3085 ad
228 3022 420 3084 monasteria
434 3038 560 3082 suorum
577 3021 740 3082 Ordinem.
764 3021 804 3081 ll.
819 3022 850 3083 7.

98 3117 226 3178 Relatio
246 3120 283 3177 de
305 3120 393 3176 statu
421 3115 571 3175 dioecesis
590 3117 629 3174 ad
651 3113 867 3190 Apostoliccm
889 3112 1003 3174 Sedem

37 3211 76 3272 ab
96 3209 257 3287 Episcopis
279 3207 445 3269 mittenda.
462 3210 504 3268 ΙΙ.
520 3209 571 3269 72.

97 3303 225 3382 Religio
239 3303 395 3364 catholica
416 3319 539 3377 semper
559 3299 683 3362 domina
704 3300 737 3359 in
752 3298 869 3372 Gallia,
885 3299 1004 3361 manci·

37 3399 133 3476 patnr
153 3415 209 3474 per
222 3397 486 3460 constitutionem
501 3395 629 3455 civilem
643 3395 720 3460 cleri
735 3392 903 3454 Gallicani.
915 3395 939 3454 Ι.
950 3393 1001 3454 55.
1013 3465 1015 3472 Ι

38 3495 108 3554 -lla
128 3493 251 3554 abiecta
272 3493 304 3553 in
327 3492 496 3560 seditiones
517 3509 553 3552 ac
575 3491 697 3553 ruinam
713 3489 805 3552 facile
821 3506 1022 3568 regnalpro,
