2426 4192
614 272 794 331 -178-

653 428 752 482 uvi.

588 529 820 600 EPISTOLA

396 707 436 764 R.
453 705 490 765 P.
506 704 544 762 D.
560 701 783 762 MIOHAELIS
803 703 846 762 DI
859 698 1011 760 Plurno

233 889 236 894 ’
260 867 415 943 Episcopi
428 864 613 924 Isanrcnsis
633 864 784 940 Delapati
800 861 982 936 Apostolici
997 861 1034 918 in
1053 857 1140 918 Urbe.

280 1035 379 1096 Dubia
406 1036 445 1094 ab
473 1034 595 1094 Illustr.
618 1037 651 1092 et
679 1031 857 1093 Reverend.
880 1028 1102 1090 Dominatione
1129 1033 1174 1085 tua

222 1131 348 1191 Summo
370 1127 517 1188 Pontifici
539 1127 596 1186 Pio
618 1129 663 1188 VI
684 1126 844 1210 proposita
865 1143 964 1202 nuper
986 1127 1023 1184 ad
1047 1143 1096 1182 me
1116 1140 1176 1198 per·

221 1223 288 1284 lata
309 1223 396 1280 fuere
412 1224 448 1279 ut
461 1239 497 1280 ea
518 1219 690 1295 diligenter
703 1219 923 1296 expenderem,
939 1216 1076 1293 Tibique
1090 1217 1176 1275 S.Se·

221 1317 268 1377 dis
289 1314 489 1392 Apostolicae
517 1313 706 1372 senteutiam
734 1312 901 1388 aperirem.
924 1311 1030 1387 Igitur
1052 1313 1177 1386 Aposto-

221 1411 303 1482 lica‚
324 1427 385 1484 qua
405 1407 519 1484 fungor
545 1406 753 1478 auctoritate,
777 1426 796 1468 a
817 1407 996 1466 Sanctitate
1018 1405 1086 1466 Sua
1111 1405 1177 1463 mihi

221 1505 381 1579 delegata,
405 1502 531 1560 brevem
552 1505 647 1577 atque
669 1500 864 1577 perspicuam
885 1501 1058 1558 eorundem
1082 1501 1178 1560 dubio-

220 1614 290 1655 rum
313 1595 497 1654 solutionem
520 1594 660 1670 exposui,
684 1611 774 1670 quam
797 1597 857 1666 Tu,
880 1595 1003 1654 Illustr.
1020 1597 1128 1666 Dom.,
1148 1610 1177 1650 ex

221 1689 368 1748 adiuncto
383 1686 458 1747 folio
481 1687 663 1763 comperies.
680 1687 751 1747 Tali
766 1692 857 1762 pacto
879 1687 1035 1746 desiderio
1055 1693 1113 1748 tuo
1138 1706 1179 1745 cu-

220 1782 352 1852 mulate,
370 1784 406 1839 ut
427 1780 582 1851 arbitror,
598 1780 749 1853 satisfeci,
769 1800 804 1840 ac
832 1779 911 1839 nihil
938 1781 1000 1839 iam
1029 1785 1178 1858 superest,

221 1875 282 1934 nisi
303 1881 339 1934 ut
360 1875 439 1933 alias
460 1878 602 1950 exoptem
619 1875 870 1951 opportunitates
882 1873 954 1932 Tibi
976 1875 1177 1945 inserviendi,

220 1971 292 2030 dum
313 1967 442 2027 interim
465 1969 553 2027 cultu
576 1972 609 2027 et
629 1969 848 2029 aestimatione
870 1968 1027 2044 singulari
1044 1988 1164 2040 manco,

365 2060 502 2119 ,Illustr.
519 2064 553 2119 et
574 2063 749 2120 Reverend.
766 2063 853 2120 Dom.
871 2061 956 2118 'luae

279 2157 396 2214 Romae
418 2153 476 2212 VII
496 2152 562 2212 Gal.
580 2153 688 2212 Octob.
702 2155 949 2214 MDGGXGVIII.

697 2249 772 2307 Ded.
786 2250 819 2306 et
840 2248 951 2324 Obseq.
969 2266 1090 2309 servus

562 2341 663 2402 Micia.
680 2342 718 2401 dc
738 2341 860 2413 Pedro,
877 2343 981 2417 Episc.
999 2344 1180 2414 maurensis,

737 2433 844 2510 Deleg.
862 2436 972 2511 Apost.

338 2526 568 2603 Superscriptio

257 2620 385 2692 Illustr.
402 2636 439 2679 ac
460 2620 638 2680 Beneuenti.
656 2621 746 2680 Dom.
764 2621 855 2679 Dom.
873 2619 938 2680 Col.

377 2713 468 2772 Dom.
486 2713 594 2789 Epiro.
615 2712 787 2774 Grasscnsi
807 2722 864 2774 etc.

268 2807 345 2867 Tria
366 2811 586 2885 proponuntur
606 2808 701 2868 dubia
720 2810 759 2869 ab
780 2808 930 2885 Episcopo
951 2810 1145 2874 Grassensi.

276 2901 432 2977 Primum,
449 2907 555 2963 utrum
576 2903 614 2963 ab
628 2903 810 2979 Apostolica
824 2903 902 2964 Sede
918 2903 1111 2966 damnatum
1130 2909 1182 2968 fue

217 2998 262 3057 rit
284 2997 349 3056 odii
368 2999 401 3057 in
424 2999 545 3076 regiam
567 2999 762 3058 maiestatem
784 3001 1026 3071 sacramentum,
1044 3006 1136 3077 quod
1152 3003 1181 3062 sio

217 3092 428 3168 exprimitur:
452 3093 522 3170 Epo
544 3092 791 3153 Sacramentum
803 3093 873 3152 odii
888 3095 924 3152 in
940 3094 1074 3169 rapiam
1087 3101 1183 3156 maie·

216 3192 333 3243 statem
355 3194 386 3245 ct
410 3186 604 3246 aparctiam
620 3188 786 3262 profiteor,
803 3188 963 3262 simulque
981 3202 1088 3246 oooeo
1108 3194 1183 3250 obse

215 3281 330 3353 qninm
351 3288 383 3338 et
405 3280 504 3357 fidem
522 3282 558 3338 in
581 3279 843 3354 Rcmpablicam,
872 3297 930 3339 nec
952 3296 1019 3337 non
1041 3282 1088 3340 in
1110 3284 1184 3344 Con·

216 3372 423 3433 stitutionem
445 3375 530 3432 anni
549 3373 581 3432 3.
599 3373 721 3433 Gallico
743 3372 902 3432 idiomate:
925 3372 962 3432 Jc
977 3369 1063 3444 jare
1088 3377 1183 3437 haim

218 3463 239 3520 a
263 3463 296 3520 la
316 3465 466 3539 Royaatt
487 3476 518 3526 et
539 3470 559 3525 a
583 3464 785 3538 l'anarcltie;
808 3465 1028 3526 attaetement
1053 3478 1092 3529 et
1114 3473 1185 3547 fidi·

217 3556 274 3615 litt
290 3559 312 3615 a
328 3559 361 3616 ta
381 3559 581 3637 Rtpnbliqnc
606 3563 676 3620 ctd
699 3563 732 3619 la
753 3557 973 3619 constitution
993 3560 1034 3620 de
1064 3562 1143 3626 l'an
1158 3565 1181 3623 3.
