2488 4204
443 192 604 252 ..11-

483 358 563 415 lu.

400 477 537 522 arenaria
557 477 650 522 rinna

284 619 495 683 PRAETORI
513 623 565 683 ΕΤ
588 623 766 684 SENATUI

55 783 134 860 Papi
147 783 305 860 Friburyi
317 783 565 846 Ecclesiasticae
585 784 764 846 Libertatis
785 783 1008 862 defensoribus

230 945 428 1026 PIUS
480 947 699 1024 ΡΑΡΑ
752 947 818 1024 VI.

166 1135 577 1208 DilectiPilii,Sa1ntem
599 1141 634 1195 et
653 1137 889 1207 Apostolicam

383 1233 678 1292 conscissionem.

110 1405 207 1464 Valde
221 1405 403 1481 gaudemus,
417 1404 525 1464 dilecti
536 1403 627 1477 Filii,
640 1405 719 1481 quod
733 1401 820 1464 vobis
835 1402 898 1463 iam
913 1421 1007 1481 agere

58 1498 212 1558 debeamus
233 1497 370 1576 gratias,
394 1505 468 1559 ante
489 1499 611 1559 scilicet
631 1516 723 1575 quam
745 1499 863 1558 Nostra
883 1499 921 1557 ad
951 1515 1008 1557 vce

59 1592 154 1652 studia
167 1585 224 1668 pro
239 1591 441 1670 presbyteris
456 1591 567 1663 Gallis,
583 1591 924 1667 commendationesque
939 1607 1012 1667 per-

58 1685 222 1746 ferrentur.
243 1687 357 1763 Magno
379 1667 429 1745 illi
452 1703 580 1744 numero
592 1686 628 1745 ad
644 1684 815 1745 catholicos
829 1683 1010 1745 Helveticae

59 1780 271 1857 confugerunt,
288 1796 323 1838 ac
338 1776 523 1855 praesertim
546 1779 626 1856 apud
649 1797 705 1839 vos
720 1782 823 1839 tutum
838 1777 944 1838 exsilii
961 1778 1011 1838 sui

62 1872 152 1933 locum
174 1873 420 1933 constituerunt.
437 1874 500 1933 Vos
514 1874 595 1932 enim
626 1877 735 1934 vestra
755 1875 865 1949 sponte
887 1875 921 1932 et
939 1873 1012 1950 Epi·

67 1983 217 2044 scaporum¹
236 1967 368 2044 aliquot,
390 1969 424 2026 et
444 1967 700 2043 presbyterorum
722 1967 864 2030 miserati
880 1969 1011 2039 statum,

65 2061 90 2120 in
102 2083 187 2142 quem
203 2065 242 2124 ob
259 2064 464 2142 religionem,
481 2066 595 2126 relicta
609 2067 697 2126 domo
712 2066 862 2144 bonisque
877 2065 1012 2143 amissis,

64 2157 255 2230 deciderunt,
278 2159 401 2218 eosdem
423 2164 566 2228 amanter
588 2159 781 2236 suscepistis,
801 2159 942 2234 lavistis,
969 2159 1015 2220 fo·

62 2252 134 2312 retis
156 2269 193 2310 ao
215 2251 247 2308 in
269 2255 394 2312 vestrae
417 2252 546 2329 pietatis
572 2252 662 2330 asylo
692 2252 848 2313 retinetis.
867 2255 932 2313 Hoc
963 2274 1016 2314 ve·

60 2348 119 2404 stro
139 2345 291 2404 beneficio
306 2349 467 2422 tamquam
488 2347 521 2405 in
543 2348 606 2408 Nos
620 2347 774 2406 collocato
787 2348 917 2408 mirifice
933 2368 1016 2408 ccm-

59 2441 129 2500 moti
151 2457 272 2509 sumus,
292 2438 407 2498 Dileeti
428 2439 516 2512 Filii,
532 2438 725 2515 excitatique
739 2442 777 2500 ad
796 2441 1015 2502 declarandam

59 2535 140 2593 vobis
170 2531 383 2610 gratissimam
407 2533 605 2592 voluntatens
630 2535 780 2594 Nostram
795 2566 811 2608 ,·
829 2553 865 2595 ae
896 2537 933 2594 ad
961 2554 1015 2596 vos

58 2625 223 2686 Pontificio
245 2625 303 2684 hoc
317 2625 419 2686 laudis
434 2625 598 2703 praeconio
614 2628 645 2686 in
658 2627 787 2688 Domino
810 2630 1015 2689 exornandos.

59 2721 142 2780 Nihil
163 2721 247 2778 enim
269 2719 373 2780 iacere
397 2721 495 2782 Nobis
522 2721 581 2780 hoo
610 2727 751 2799 tempore
778 2722 937 2799 acceptius
961 2740 1017 2799 po-

61 2813 184 2884 tuistis,
209 2811 289 2871 nihil
311 2830 370 2888 qno
392 2815 567 2880 animorum
590 2818 768 2874 vestrorum
787 2815 1017 2874 humanitatem

61 2903 215 2968 illustrius
236 2907 495 2985 comprobaretis,
516 2926 607 2984 quam
629 2909 686 2968 hae
708 2909 775 2985 ipsa
796 2907 919 2986 publica
939 2906 1019 2967 libe·

60 3001 187 3062 ralitate
209 3006 330 3072 vestra,
353 3019 424 3077 qna,
441 3020 496 3078 pro
519 3002 574 3062 Dei
589 3019 681 3062 causa
695 3002 802 3080 iugem
817 3021 834 3060 e
849 3003 954 3079 patria
968 3020 1019 3062 ca·

59 3091 199 3168 pientes,
228 3094 434 3171 maximisque
464 3094 697 3156 calamitatibus
726 3089 881 3168 obiectos,
911 3098 1019 3157 vestra

60 3201 113 3261 ope
134 3186 300 3247 sublevare
322 3206 358 3248 ac
379 3205 524 3248 recreare
547 3205 606 3246 non
628 3187 807 3248 dubitastis.

118 3280 200 3347 Quas
228 3281 318 3340 vobis
346 3280 464 3340 idcireo
492 3280 613 3358 gratias
643 3280 871 3359 persolvimus,
896 3282 1018 3341 easdem

36 3445 38 3451 Ι
61 3373 155 3434 etiam
168 3375 287 3436 ceteris
301 3372 466 3435 catholicis
480 3374 575 3452 Pagis
596 3374 628 3433 in
652 3375 710 3434 hao
729 3393 764 3435 re
783 3374 944 3453 praeclare
958 3392 1021 3434 me·
1107 3443 1109 3446 ¹

61 3464 134 3526 ritis
148 3467 267 3528 deferri
288 3470 470 3528 mandamus
485 3467 665 3545 apostolico
684 3468 824 3544 Nuntio,
845 3469 1019 3544 Nostraque
