2522 4200
29 317 123 376 pore.
152 295 340 356 Hineillae
361 295 480 356 irarum
510 295 725 370 minarumque
747 294 857 370 plenae
878 293 910 352 in
933 294 1014 360 Pon·

31 393 164 453 tificem
189 388 404 466 scriptiones,
426 406 504 465 quae
533 388 641 449 statim
671 391 764 463 atque
787 387 1013 464 perduellionis

31 486 226 544 monstrum
248 483 328 558 apud
344 481 456 570 Gallos,
472 484 598 558 gentem
622 480 898 556 prudentissimam
912 483 945 540 et
958 481 1014 540 flo-

32 576 266 640 rentissimam
290 574 405 650 erupit,
430 575 461 633 in
483 573 616 650 publicis
638 573 871 651 tabellis,'quae
892 574 965 635 inde
980 574 1012 632 in

33 671 236 730 universum
259 670 417 726 terrarum
439 667 544 726 orbem
566 665 860 740 disseminabantur,
883 669 1014 729 exstite-

33 766 127 824 runt.
155 760 374 833 Mirabamur,
397 761 469 836 quid
492 761 559 836 ipso
579 760 805 836 perduellionis
827 761 919 821 initio
942 780 1012 822 reos

34 861 218 933 tantopere
240 853 483 929 commovisset,
506 860 542 913 ut
563 858 706 915 extrema
727 855 830 914 omnia
851 856 1010 930 Pontifici,

34 949 210 1010 Ecclesiae
232 951 401 1020 Romanae,
423 947 544 1024 ipsique
565 947 643 1008 Urbi
662 947 899 1022 minitarentur;
916 967 1011 1025 quum
1027 961 1029 968 “

35 1062 96 1101 non
122 1041 303 1111 Pontifex,
328 1060 387 1100 non
408 1041 571 1114 Ecclesia,
594 1059 652 1100 non
676 1043 755 1102 Urbs
777 1041 943 1118 quidquam
965 1042 1012 1100 fe-

36 1137 178 1206 cissent,
198 1153 256 1210 quo
279 1134 406 1194 illorum
428 1134 524 1193 animi
540 1133 790 1206 offenderentur3
813 1152 868 1192 neo
888 1135 914 1192 si
928 1133 1012 1193 face-

37 1247 71 1288 re
95 1228 297 1301 voluissent,
320 1227 415 1287 fuisse
437 1227 570 1286 faciendi
594 1238 716 1304 tempus
741 1227 906 1303 potuisset.
930 1229 1010 1288 Nam

38 1327 116 1382 ante
141 1320 249 1380 minae
272 1323 455 1397 eruperunt,
471 1338 562 1401 quam
584 1319 750 1396 quidquam
771 1319 888 1378 iactum
903 1338 922 1379 a
935 1338 1010 1395 quo-

38 1414 130 1490 piam
153 1412 267 1472 fuerit.
292 1414 351 1472 Sed
374 1413 521 1472 nimirum
542 1412 683 1472 sciebant
704 1411 891 1488 perduelles,
914 1429 1013 1487 quan-

40 1512 112 1566 tum
130 1503 264 1564 nefariis
280 1523 387 1564 eorum
403 1504 567 1566 conatibus
580 1504 740 1564 Pontificis
756 1523 814 1563 non
830 1505 1012 1565 intermissa

41 1599 231 1658 constantia
253 1598 436 1658 restitisset.
455 1601 503 1659 lta
525 1599 635 1660 statim
651 1604 744 1674 atque
767 1616 944 1675 compressa
958 1597 1011 1656 diu

41 1691 154 1758 rabies
179 1689 325 1749 exserere
347 1709 424 1750 sese
443 1691 509 1750 sine
524 1694 609 1750 metu
624 1691 748 1767 potuit;
765 1691 933 1768 impatiens
948 1694 1009 1765 sui,

42 1789 77 1844 et
98 1784 213 1842 furore
234 1801 350 1853 amens,
368 1801 405 1840 ne
421 1787 542 1859 tempus
558 1784 681 1859 quidem
696 1787 878 1860 exspectare
894 1785 1009 1861 potuit,

44 1877 130 1954 quod
154 1874 364 1934 necessarium
394 1877 485 1947 erat,
511 1879 545 1935 ut
573 1881 701 1952 arrepta
728 1878 859 1952 quadam
887 1878 1011 1954 publica

45 1969 198 2046 querelae
220 1971 314 2042 atque
335 1968 455 2028 irarum
477 1969 649 2042 occasione,
665 1969 772 2045 inepta
792 1970 916 2042 saltem,
933 1973 1013 2031 stul-

47 2067 93 2134 ta,
119 2060 268 2134 ridicula,
292 2078 324 2118 se
347 2079 379 2119 se
401 2063 623 2138 quodammodo
647 2068 790 2140 tegeret,
817 2067 1012 2125 ostenderet-

16 2189 23 2205 ·
48 2174 122 2230 que,
146 2154 216 2212 iure
231 2171 309 2230 quae
323 2154 502 2215 minabatur
521 2174 587 2214 esse
602 2155 768 2232 aliquando
784 2161 1008 2235 suscepturam.

47 2251 114 2308 Has
135 2251 242 2309 autem
257 2248 358 2306 minas
379 2249 572 2327 perditorum
588 2250 760 2324 hominum,
778 2271 856 2327 quae
871 2271 1015 2328 quoquo<

48 2359 164 2401 versus
186 2342 289 2400 editae
309 2342 393 2419 typis
408 2344 661 2419 proferebantur,
684 2350 835 2422 erantque
851 2346 902 2404 vel
918 2346 1012 2423 lippis

48 2441 82 2495 et
106 2436 286 2495 tonsoribus
309 2437 503 2509 notissimae,
527 2456 646 2496 unusne
667 2438 743 2498 Pius
765 2443 824 2513 est,
847 2441 899 2516 qui
922 2424 1012 2499 numss

49 2547 144 2606 quam
168 2534 222 2588 aut
244 2528 403 2600 audierit,
427 2534 483 2589 aut
503 2531 641 2607 legerit,
665 2532 816 2609 planeque
839 2533 1011 2593 nescieriti

49 2625 118 2682 lmo
141 2641 218 2682 vero
239 2623 305 2698 ipse
327 2641 406 2682 unus
420 2624 555 2683 maxime
569 2628 603 2683 et
616 2623 744 2696 sciebat,
761 2629 794 2683 et
809 2625 872 2684 vim
888 2644 923 2685 ao
937 2644 1012 2702 pon·

49 2719 109 2774 dus
130 2734 221 2775 omne
243 2717 412 2789 sentiebat3
428 2717 480 2792 qui
503 2734 625 2776 causam
642 2717 766 2777 videret
787 2721 867 2776 unde
888 2720 1012 2795 profici-

51 2811 244 2883 scebantur3
274 2811 532 2887 intelligeretque
553 2811 653 2870 maius
675 2811 773 2869 etiam
797 2811 900 2870 odium
924 2813 954 2869 in
978 2831 1011 2871 se

50 2908 233 2966 iamdudum
248 2904 343 2964 fuisse
358 2904 526 2963 condatum
542 2921 589 2976 ec,
613 2906 690 2978 quod
706 2903 774 2962 illis
789 2905 1011 2981 scriptionibus

50 2999 278 3075 explicaretur.
313 2997 391 3064 Quid
415 2997 544 3056 antemi
566 2997 719 3056 Censetne
748 2996 845 3055 ullam
874 2996 1010 3072 aliquam

51 3091 236 3151 severitatis
250 3093 284 3149 et
297 3089 491 3150 constantiae
507 3093 630 3165 partem
645 3088 841 3146 minuendam
858 3105 934 3159 esse,
951 3108 1010 3166 quo

51 3185 114 3244 iam
143 3185 259 3244 armati
284 3186 388 3243 hostes
413 3186 445 3241 et
473 3185 509 3241 ad
538 3182 642 3241 omnia
667 3181 787 3240 seelera
818 3182 1011 3258 paratissimi

51 3278 196 3336 nonnihil
216 3277 333 3337 luroris
354 3276 575 3336 remitterent?
595 3275 684 3337 Nihil
713 3274 815 3335 minus
835 3274 1009 3337 faciendum

51 3392 118 3433 esse
138 3373 269 3431 statuit:
292 3371 376 3431 acsi
401 3372 500 3431 ullum
524 3386 669 3446 umquam
692 3372 814 3445 tempus
836 3369 909 3443 fuit,
931 3390 1011 3447 quae

52 3467 157 3526 omnia
178 3461 329 3536 fuerunt,
351 3481 411 3540 quo
434 3467 572 3538 tempore
596 3462 671 3521 Pius
693 3463 861 3521 maximnm
887 3481 954 3524 esse
976 3483 1008 3524 se
