<?xml version="1.0" encoding="UTF-8"?>
<!DOCTYPE html PUBLIC "-//W3C//DTD XHTML 1.0 Transitional//EN"
    "http://www.w3.org/TR/xhtml1/DTD/xhtml1-transitional.dtd">
<html xmlns="http://www.w3.org/1999/xhtml" xml:lang="en" lang="en">
 <head>
  <title>
</title>
<meta http-equiv="Content-Type" content="text/html;charset=utf-8" />
  <meta name='ocr-system' content='tesseract 3.04.00' />
  <meta name='ocr-capabilities' content='ocr_page ocr_carea ocr_par ocr_line ocrx_word'/>
</head>
<body>
  <div class='ocr_page' id='page_1' title='image "./piivipontmaxact01piusgoog_0138.png"; bbox 0 0 2424 4196; ppageno 0'>
   <div class='ocr_carea' id='block_1_1' title="bbox 621 175 800 235">
    <p class='ocr_par' dir='ltr' id='par_1_1' title="bbox 621 175 800 235">
     <span class='ocr_line' id='line_1_1' title="bbox 621 175 800 235; baseline 0.011 -2"><span class='ocrx_word' id='word_1_1' title='bbox 621 175 800 235; x_wconf 86' lang='lat'>-130-</span> 
     </span>
    </p>
   </div>
   <div class='ocr_carea' id='block_1_2' title="bbox 223 278 1210 3535">
    <p class='ocr_par' dir='ltr' id='par_1_2' title="bbox 229 278 1210 1652">
     <span class='ocr_line' id='line_1_2' title="bbox 233 278 1183 373; baseline -0.002 -33"><span class='ocrx_word' id='word_1_2' title='bbox 233 299 321 353; x_wconf 81' lang='lat' dir='ltr'><strong>nem,·</strong></span> <span class='ocrx_word' id='word_1_3' title='bbox 341 281 414 357; x_wconf 91' lang='lat' dir='ltr'><strong>quin</strong></span> <span class='ocrx_word' id='word_1_4' title='bbox 438 281 563 338; x_wconf 91' lang='lat' dir='ltr'><strong>omnino</strong></span> <span class='ocrx_word' id='word_1_5' title='bbox 585 280 695 373; x_wconf 84' lang='lat' dir='ltr'><strong>cpique</strong></span> <span class='ocrx_word' id='word_1_6' title='bbox 717 281 769 339; x_wconf 89' lang='lat' dir='ltr'><strong>vel</strong></span> <span class='ocrx_word' id='word_1_7' title='bbox 785 297 823 340; x_wconf 89' lang='lat' dir='ltr'><strong>ex</strong></span> <span class='ocrx_word' id='word_1_8' title='bbox 838 279 914 356; x_wconf 84' lang='lat' dir='ltr'><strong>ipsis</strong></span> <span class='ocrx_word' id='word_1_9' title='bbox 928 283 1020 356; x_wconf 84' lang='lat' dir='ltr'><strong>patet</strong></span> <span class='ocrx_word' id='word_1_10' title='bbox 1040 278 1183 339; x_wconf 85' lang='lat' dir='ltr'><strong>naturalis</strong></span> 
     </span>
     <span class='ocr_line' id='line_1_3' title="bbox 232 373 1184 451; baseline -0.006 -13"><span class='ocrx_word' id='word_1_11' title='bbox 232 376 406 439; x_wconf 80' lang='lat' dir='ltr'><strong>honestatis</strong></span> <span class='ocrx_word' id='word_1_12' title='bbox 429 374 591 451; x_wconf 81' lang='lat' dir='ltr'><strong>principiis</strong></span> <span class='ocrx_word' id='word_1_13' title='bbox 619 375 755 434; x_wconf 90' lang='lat' dir='ltr'><strong>vetitum</strong></span> <span class='ocrx_word' id='word_1_14' title='bbox 777 393 844 433; x_wconf 88' lang='lat' dir='ltr'><strong>esse</strong></span> <span class='ocrx_word' id='word_1_15' title='bbox 865 373 1043 433; x_wconf 84' lang='lat' dir='ltr'><strong>huiusmodi</strong></span> <span class='ocrx_word' id='word_1_16' title='bbox 1068 373 1184 434; x_wconf 82' lang='lat' dir='ltr'><strong>simula·</strong></span> 
     </span>
     <span class='ocr_line' id='line_1_4' title="bbox 235 467 1208 546; baseline -0.004 -14"><span class='ocrx_word' id='word_1_17' title='bbox 235 471 329 533; x_wconf 89' lang='lat' dir='ltr'><strong>tionis</strong></span> <span class='ocrx_word' id='word_1_18' title='bbox 352 467 484 545; x_wconf 89' lang='lat' dir='ltr'><strong>speciem</strong></span> <span class='ocrx_word' id='word_1_19' title='bbox 509 467 675 544; x_wconf 87' lang='lat' dir='ltr'><strong>praecipue</strong></span> <span class='ocrx_word' id='word_1_20' title='bbox 697 470 729 528; x_wconf 91' lang='grc'><strong>10</strong></span> <span class='ocrx_word' id='word_1_21' title='bbox 752 474 816 530; x_wconf 87' lang='lat' dir='ltr'><strong>tam</strong></span> <span class='ocrx_word' id='word_1_22' title='bbox 839 469 944 546; x_wconf 88' lang='lat' dir='ltr'><strong>magni</strong></span> <span class='ocrx_word' id='word_1_23' title='bbox 966 468 1120 527; x_wconf 82' lang='lat' dir='ltr'><strong>momenti</strong></span> <span class='ocrx_word' id='word_1_24' title='bbox 1141 485 1183 538; x_wconf 86' lang='lat' dir='ltr'><strong>re,</strong></span> <span class='ocrx_word' id='word_1_25' title='bbox 1207 505 1208 528; x_wconf 60' lang='lat' dir='ltr'><strong>t</strong></span> 
     </span>
     <span class='ocr_line' id='line_1_5' title="bbox 234 561 1208 641; baseline -0.005 -16"><span class='ocrx_word' id='word_1_26' title='bbox 234 567 265 626; x_wconf 91' lang='lat' dir='ltr'><strong>in</strong></span> <span class='ocrx_word' id='word_1_27' title='bbox 287 583 349 641; x_wconf 88' lang='lat' dir='ltr'><strong>qua</strong></span> <span class='ocrx_word' id='word_1_28' title='bbox 369 561 516 621; x_wconf 92' lang='lat' dir='ltr'><strong>nimirum</strong></span> <span class='ocrx_word' id='word_1_29' title='bbox 537 567 571 620; x_wconf 88' lang='lat' dir='ltr'><strong>et</strong></span> <span class='ocrx_word' id='word_1_30' title='bbox 592 563 713 622; x_wconf 85' lang='lat' dir='ltr'><strong>veritas</strong></span> <span class='ocrx_word' id='word_1_31' title='bbox 740 562 917 635; x_wconf 84' lang='lat' dir='ltr'><strong>evertitur,</strong></span> <span class='ocrx_word' id='word_1_32' title='bbox 941 567 974 621; x_wconf 89' lang='grc'><strong>01</strong></span> <span class='ocrx_word' id='word_1_33' title='bbox 996 562 1185 620; x_wconf 85' lang='lat' dir='ltr'><strong>sanctissima</strong></span> <span class='ocrx_word' id='word_1_34' title='bbox 1207 609 1208 620; x_wconf 67' lang='grc'>,</span> 
     </span>
     <span class='ocr_line' id='line_1_6' title="bbox 234 655 1183 733; baseline -0.006 -15"><span class='ocrx_word' id='word_1_35' title='bbox 234 664 342 718; x_wconf 86' lang='lat' dir='ltr'><strong>nostra</strong></span> <span class='ocrx_word' id='word_1_36' title='bbox 362 655 507 733; x_wconf 77' lang='lat' dir='ltr'><strong>proditur</strong></span> <span class='ocrx_word' id='word_1_37' title='bbox 528 655 655 733; x_wconf 87' lang='lat' dir='ltr'><strong>religio,</strong></span> <span class='ocrx_word' id='word_1_38' title='bbox 679 660 712 715; x_wconf 90' lang='lat' dir='ltr'><strong>et</strong></span> <span class='ocrx_word' id='word_1_39' title='bbox 734 655 996 732; x_wconf 84' lang='lat' dir='ltr'><strong>perniciosissima</strong></span> <span class='ocrx_word' id='word_1_40' title='bbox 1017 655 1183 714; x_wconf 87' lang='lat' dir='ltr'><strong>animarum</strong></span> 
     </span>
     <span class='ocr_line' id='line_1_7' title="bbox 232 749 1183 826; baseline -0.009 -13"><span class='ocrx_word' id='word_1_41' title='bbox 232 751 359 813; x_wconf 86' lang='lat' dir='ltr'><strong>offensio</strong></span> <span class='ocrx_word' id='word_1_42' title='bbox 382 769 435 810; x_wconf 92' lang='lat' dir='ltr'><strong>seu</strong></span> <span class='ocrx_word' id='word_1_43' title='bbox 457 749 637 809; x_wconf 85' lang='lat' dir='ltr'><strong>scandalum</strong></span> <span class='ocrx_word' id='word_1_44' title='bbox 660 751 808 810; x_wconf 84' lang='lat' dir='ltr'><strong>infertur.</strong></span> <span class='ocrx_word' id='word_1_45' title='bbox 831 753 936 826; x_wconf 89' lang='lat' dir='ltr'><strong>Ipsum</strong></span> <span class='ocrx_word' id='word_1_46' title='bbox 951 749 1081 808; x_wconf 91' lang='lat' dir='ltr'><strong>demum</strong></span> <span class='ocrx_word' id='word_1_47' title='bbox 1102 766 1183 825; x_wconf 88' lang='lat' dir='ltr'><strong>grave</strong></span> 
     </span>
     <span class='ocr_line' id='line_1_8' title="bbox 233 840 1183 919; baseline -0.007 -13"><span class='ocrx_word' id='word_1_48' title='bbox 233 849 380 906; x_wconf 85' lang='lat' dir='ltr'><strong>damnum</strong></span> <span class='ocrx_word' id='word_1_49' title='bbox 402 859 578 919; x_wconf 79' lang='lat' dir='ltr'>emergens,</span> <span class='ocrx_word' id='word_1_50' title='bbox 604 846 661 902; x_wconf 92' lang='lat' dir='ltr'><strong>aut</strong></span> <span class='ocrx_word' id='word_1_51' title='bbox 681 843 803 903; x_wconf 91' lang='lat' dir='ltr'><strong>lucrum</strong></span> <span class='ocrx_word' id='word_1_52' title='bbox 826 861 962 915; x_wconf 86' lang='lat' dir='ltr'><strong>cessans,</strong></span> <span class='ocrx_word' id='word_1_53' title='bbox 985 845 1044 903; x_wconf 86' lang='lat' dir='ltr'><strong>eut</strong></span> <span class='ocrx_word' id='word_1_54' title='bbox 1067 844 1131 903; x_wconf 83' lang='lat' dir='ltr'><strong>alin</strong></span> <span class='ocrx_word' id='word_1_55' title='bbox 1152 840 1183 899; x_wconf 90' lang='lat' dir='ltr'><strong>si·</strong></span> 
     </span>
     <span class='ocr_line' id='line_1_9' title="bbox 231 935 1209 1014; baseline -0.005 -16"><span class='ocrx_word' id='word_1_56' title='bbox 231 938 317 998; x_wconf 90' lang='lat' dir='ltr'><strong>milis</strong></span> <span class='ocrx_word' id='word_1_57' title='bbox 337 954 441 1009; x_wconf 85' lang='lat' dir='ltr'><strong>causa,</strong></span> <span class='ocrx_word' id='word_1_58' title='bbox 464 955 518 995; x_wconf 91' lang='lat' dir='ltr'><strong>seu</strong></span> <span class='ocrx_word' id='word_1_59' title='bbox 539 936 643 1011; x_wconf 86' lang='lat' dir='ltr'><strong>potius</strong></span> <span class='ocrx_word' id='word_1_60' title='bbox 665 941 860 1013; x_wconf 85' lang='lat' dir='ltr'><strong>praetextus,</strong></span> <span class='ocrx_word' id='word_1_61' title='bbox 882 935 1003 995; x_wconf 85' lang='lat' dir='ltr'><strong>efficere</strong></span> <span class='ocrx_word' id='word_1_62' title='bbox 1024 953 1181 1012; x_wconf 81' lang='lat' dir='ltr'><strong>numquam</strong></span> <span class='ocrx_word' id='word_1_63' title='bbox 1208 1009 1209 1014; x_wconf 8' lang='grc' dir='ltr'>ἵ</span> 
     </span>
     <span class='ocr_line' id='line_1_10' title="bbox 231 1023 1209 1109; baseline -0.006 -17"><span class='ocrx_word' id='word_1_64' title='bbox 231 1035 369 1109; x_wconf 85' lang='lat' dir='ltr'><strong>poterit,</strong></span> <span class='ocrx_word' id='word_1_65' title='bbox 390 1034 426 1090; x_wconf 91' lang='lat' dir='ltr'><strong>ut</strong></span> <span class='ocrx_word' id='word_1_66' title='bbox 446 1030 516 1108; x_wconf 91' lang='lat' dir='ltr'><strong>quis</strong></span> <span class='ocrx_word' id='word_1_67' title='bbox 535 1031 594 1089; x_wconf 88' lang='lat' dir='ltr'><strong>sibi</strong></span> <span class='ocrx_word' id='word_1_68' title='bbox 618 1032 805 1107; x_wconf 86' lang='lat' dir='ltr'><strong>persuadeat</strong></span> <span class='ocrx_word' id='word_1_69' title='bbox 827 1031 893 1090; x_wconf 88' lang='lat' dir='ltr'><strong>sine</strong></span> <span class='ocrx_word' id='word_1_70' title='bbox 915 1033 1045 1107; x_wconf 85' lang='lat' dir='ltr'><strong>peccato</strong></span> <span class='ocrx_word' id='word_1_71' title='bbox 1070 1030 1182 1089; x_wconf 81' lang='lat' dir='ltr'><strong>interna</strong></span> <span class='ocrx_word' id='word_1_72' title='bbox 1208 1023 1209 1030; x_wconf 65' lang='lat'><em>&#39;</em></span> 
     </span>
     <span class='ocr_line' id='line_1_11' title="bbox 230 1123 1182 1201; baseline -0.007 -15"><span class='ocrx_word' id='word_1_73' title='bbox 230 1125 432 1186; x_wconf 76' lang='lat' dir='ltr'><strong>restrictione</strong></span> <span class='ocrx_word' id='word_1_74' title='bbox 454 1125 502 1183; x_wconf 91' lang='lat' dir='ltr'><strong>uti</strong></span> <span class='ocrx_word' id='word_1_75' title='bbox 523 1142 557 1183; x_wconf 87' lang='lat' dir='ltr'><strong>sc</strong></span> <span class='ocrx_word' id='word_1_76' title='bbox 579 1143 666 1200; x_wconf 91' lang='lat' dir='ltr'><strong>posse</strong></span> <span class='ocrx_word' id='word_1_77' title='bbox 695 1125 810 1201; x_wconf 85' lang='lat' dir='ltr'><strong>absque</strong></span> <span class='ocrx_word' id='word_1_78' title='bbox 842 1125 908 1184; x_wconf 87' lang='lat' dir='ltr'><strong>ulla</strong></span> <span class='ocrx_word' id='word_1_79' title='bbox 936 1124 1064 1184; x_wconf 86' lang='lat' dir='ltr'><strong>adiecta</strong></span> <span class='ocrx_word' id='word_1_80' title='bbox 1086 1123 1182 1183; x_wconf 90' lang='lat' dir='ltr'><strong>iuriiu-</strong></span> 
     </span>
     <span class='ocr_line' id='line_1_12' title="bbox 231 1217 1181 1292; baseline -0.008 -12"><span class='ocrx_word' id='word_1_81' title='bbox 231 1220 328 1281; x_wconf 89' lang='lat' dir='ltr'><strong>rando</strong></span> <span class='ocrx_word' id='word_1_82' title='bbox 349 1217 568 1277; x_wconf 89' lang='lat' dir='ltr'><strong>restrictione:</strong></span> <span class='ocrx_word' id='word_1_83' title='bbox 592 1219 739 1292; x_wconf 87' lang='lat' dir='ltr'><strong>quoniam</strong></span> <span class='ocrx_word' id='word_1_84' title='bbox 762 1218 820 1277; x_wconf 84' lang='lat' dir='ltr'><strong>tali</strong></span> <span class='ocrx_word' id='word_1_85' title='bbox 842 1218 968 1277; x_wconf 87' lang='lat' dir='ltr'><strong>interna</strong></span> <span class='ocrx_word' id='word_1_86' title='bbox 989 1217 1181 1276; x_wconf 79' lang='lat' dir='ltr'><strong>restrictione</strong></span> 
     </span>
     <span class='ocr_line' id='line_1_13' title="bbox 230 1309 1182 1387; baseline -0.007 -13"><span class='ocrx_word' id='word_1_87' title='bbox 230 1317 264 1374; x_wconf 92' lang='lat' dir='ltr'><strong>et</strong></span> <span class='ocrx_word' id='word_1_88' title='bbox 284 1311 441 1387; x_wconf 88' lang='lat' dir='ltr'><strong>decipitur</strong></span> <span class='ocrx_word' id='word_1_89' title='bbox 462 1309 514 1385; x_wconf 92' lang='lat' dir='ltr'><strong>qui</strong></span> <span class='ocrx_word' id='word_1_90' title='bbox 538 1314 766 1369; x_wconf 83' lang='lat' dir='ltr'><strong>sacramentum</strong></span> <span class='ocrx_word' id='word_1_91' title='bbox 789 1310 909 1387; x_wconf 80' lang='lat' dir='ltr'><strong>exigit,</strong></span> <span class='ocrx_word' id='word_1_92' title='bbox 932 1314 965 1370; x_wconf 92' lang='lat' dir='ltr'><strong>ct</strong></span> <span class='ocrx_word' id='word_1_93' title='bbox 985 1311 1125 1370; x_wconf 87' lang='lat' dir='ltr'><strong>dedecus</strong></span> <span class='ocrx_word' id='word_1_94' title='bbox 1143 1327 1182 1367; x_wconf 87' lang='lat' dir='ltr'><strong>re·</strong></span> 
     </span>
     <span class='ocr_line' id='line_1_14' title="bbox 230 1402 1180 1484; baseline -0.008 -18"><span class='ocrx_word' id='word_1_95' title='bbox 230 1406 342 1484; x_wconf 83' lang='lat' dir='ltr'><strong>ligioni</strong></span> <span class='ocrx_word' id='word_1_96' title='bbox 363 1405 544 1479; x_wconf 84' lang='lat' dir='ltr'><strong>irrogatur,</strong></span> <span class='ocrx_word' id='word_1_97' title='bbox 567 1409 601 1461; x_wconf 89' lang='lat' dir='ltr'><strong>et</strong></span> <span class='ocrx_word' id='word_1_98' title='bbox 621 1402 783 1463; x_wconf 87' lang='lat' dir='ltr'><strong>inducitur</strong></span> <span class='ocrx_word' id='word_1_99' title='bbox 803 1405 980 1481; x_wconf 88' lang='lat' dir='ltr'><strong>exemplum</strong></span> <span class='ocrx_word' id='word_1_100' title='bbox 1009 1403 1042 1462; x_wconf 92' lang='lat' dir='ltr'><strong>in</strong></span> <span class='ocrx_word' id='word_1_101' title='bbox 1076 1408 1180 1464; x_wconf 82' lang='lat' dir='ltr'><strong>ceteros</strong></span> 
     </span>
     <span class='ocr_line' id='line_1_15' title="bbox 229 1495 1210 1580; baseline -0.006 -20"><span class='ocrx_word' id='word_1_102' title='bbox 229 1499 356 1560; x_wconf 82' lang='lat' dir='ltr'><strong>Fideles</strong></span> <span class='ocrx_word' id='word_1_103' title='bbox 376 1497 413 1556; x_wconf 87' lang='lat' dir='ltr'><strong>ad</strong></span> <span class='ocrx_word' id='word_1_104' title='bbox 436 1513 512 1573; x_wconf 89' lang='lat' dir='ltr'><strong>pure</strong></span> <span class='ocrx_word' id='word_1_105' title='bbox 535 1495 796 1572; x_wconf 83' lang='lat' dir='ltr'><strong>simpliciterque,</strong></span> <span class='ocrx_word' id='word_1_106' title='bbox 813 1502 849 1557; x_wconf 91' lang='lat' dir='ltr'><strong>ut</strong></span> <span class='ocrx_word' id='word_1_107' title='bbox 870 1498 1000 1570; x_wconf 83' lang='lat' dir='ltr'><strong>dicitur,</strong></span> <span class='ocrx_word' id='word_1_108' title='bbox 1017 1503 1133 1558; x_wconf 85' lang='lat' dir='ltr'><strong>contra</strong></span> <span class='ocrx_word' id='word_1_109' title='bbox 1144 1497 1182 1556; x_wconf 90' lang='lat' dir='ltr'><strong>in·</strong></span> <span class='ocrx_word' id='word_1_110' title='bbox 1209 1563 1210 1580; x_wconf 13' lang='grc' dir='ltr'>χ</span> 
     </span>
     <span class='ocr_line' id='line_1_16' title="bbox 232 1581 1210 1652; baseline -0.002 0"><span class='ocrx_word' id='word_1_111' title='bbox 232 1594 340 1652; x_wconf 91' lang='lat' dir='ltr'><strong>timam</strong></span> <span class='ocrx_word' id='word_1_112' title='bbox 361 1590 457 1651; x_wconf 87' lang='lat' dir='ltr'><strong>animi</strong></span> <span class='ocrx_word' id='word_1_113' title='bbox 479 1589 669 1650; x_wconf 87' lang='lat' dir='ltr'><strong>sententiam</strong></span> <span class='ocrx_word' id='word_1_114' title='bbox 691 1589 871 1651; x_wconf 87' lang='lat' dir='ltr'><strong>iurandum.</strong></span> <span class='ocrx_word' id='word_1_115' title='bbox 1209 1581 1210 1604; x_wconf 25' lang='grc' dir='ltr'><strong>ἶ</strong></span> 
     </span>
    </p>

    <p class='ocr_par' dir='ltr' id='par_1_3' title="bbox 225 1684 1211 2680">
     <span class='ocr_line' id='line_1_17' title="bbox 290 1684 1182 1762; baseline -0.006 -17"><span class='ocrx_word' id='word_1_116' title='bbox 290 1687 388 1745; x_wconf 88' lang='lat' dir='ltr'><strong>Panlo</strong></span> <span class='ocrx_word' id='word_1_117' title='bbox 410 1687 481 1761; x_wconf 89' lang='lat' dir='ltr'><strong>post</strong></span> <span class='ocrx_word' id='word_1_118' title='bbox 503 1685 610 1742; x_wconf 89' lang='lat' dir='ltr'><strong>eadem</strong></span> <span class='ocrx_word' id='word_1_119' title='bbox 632 1684 746 1760; x_wconf 87' lang='lat' dir='ltr'><strong>pagina</strong></span> <span class='ocrx_word' id='word_1_120' title='bbox 767 1684 887 1745; x_wconf 90' lang='lat' dir='ltr'><strong>decima</strong></span> <span class='ocrx_word' id='word_1_121' title='bbox 908 1686 984 1743; x_wconf 88' lang='lat' dir='ltr'><strong>haec</strong></span> <span class='ocrx_word' id='word_1_122' title='bbox 1000 1685 1182 1762; x_wconf 86' lang='lat' dir='ltr'><strong>subsequun-</strong></span> 
     </span>
     <span class='ocr_line' id='line_1_18' title="bbox 229 1775 1182 1854; baseline -0.005 -14"><span class='ocrx_word' id='word_1_123' title='bbox 229 1785 283 1840; x_wconf 89' lang='lat' dir='ltr'><strong>tur</strong></span> <span class='ocrx_word' id='word_1_124' title='bbox 306 1780 419 1838; x_wconf 88' lang='lat' dir='ltr'><strong>verba:</strong></span> <span class='ocrx_word' id='word_1_125' title='bbox 443 1779 520 1837; x_wconf 75' lang='lat' dir='ltr'><strong>«Ex</strong></span> <span class='ocrx_word' id='word_1_126' title='bbox 543 1775 648 1835; x_wconf 89' lang='lat' dir='ltr'><strong>verbis</strong></span> <span class='ocrx_word' id='word_1_127' title='bbox 668 1781 701 1835; x_wconf 89' lang='lat' dir='ltr'><strong>et</strong></span> <span class='ocrx_word' id='word_1_128' title='bbox 722 1776 813 1838; x_wconf 86' lang='lat' dir='ltr'><strong>factis</strong></span> <span class='ocrx_word' id='word_1_129' title='bbox 835 1777 937 1854; x_wconf 90' lang='lat' dir='ltr'><strong>liquet</strong></span> <span class='ocrx_word' id='word_1_130' title='bbox 957 1778 1030 1853; x_wconf 90' lang='lat' dir='ltr'><strong>quid</strong></span> <span class='ocrx_word' id='word_1_131' title='bbox 1057 1780 1182 1838; x_wconf 89' lang='lat' dir='ltr'><strong>domina·</strong></span> 
     </span>
     <span class='ocr_line' id='line_1_19' title="bbox 229 1869 1182 1946; baseline -0.004 -15"><span class='ocrx_word' id='word_1_132' title='bbox 229 1874 329 1932; x_wconf 80' lang='lat' dir='ltr'><strong>»tum</strong></span> <span class='ocrx_word' id='word_1_133' title='bbox 350 1871 383 1929; x_wconf 94' lang='lat' dir='ltr'><strong>in</strong></span> <span class='ocrx_word' id='word_1_134' title='bbox 406 1869 509 1930; x_wconf 83' lang='lat' dir='ltr'><strong>Gallia</strong></span> <span class='ocrx_word' id='word_1_135' title='bbox 534 1872 716 1928; x_wconf 79' lang='lat' dir='ltr'><strong>exercentes</strong></span> <span class='ocrx_word' id='word_1_136' title='bbox 744 1888 800 1946; x_wconf 88' lang='lat' dir='ltr'><strong>per</strong></span> <span class='ocrx_word' id='word_1_137' title='bbox 828 1870 1011 1930; x_wconf 84' lang='lat' dir='ltr'><strong>libertatem</strong></span> <span class='ocrx_word' id='word_1_138' title='bbox 1033 1889 1126 1931; x_wconf 86' lang='lat' dir='ltr'><strong>suam</strong></span> <span class='ocrx_word' id='word_1_139' title='bbox 1146 1872 1182 1930; x_wconf 89' lang='lat' dir='ltr'><strong>in·</strong></span> 
     </span>
     <span class='ocr_line' id='line_1_20' title="bbox 228 1963 1180 2043; baseline -0.006 -17"><span class='ocrx_word' id='word_1_140' title='bbox 228 1986 247 2025; x_wconf 80' lang='lat'>›</span> <span class='ocrx_word' id='word_1_141' title='bbox 263 1967 412 2043; x_wconf 84' lang='lat' dir='ltr'><strong>telligant</strong></span> <span class='ocrx_word' id='word_1_142' title='bbox 439 1970 473 2024; x_wconf 91' lang='lat' dir='ltr'><strong>et</strong></span> <span class='ocrx_word' id='word_1_143' title='bbox 493 1963 737 2039; x_wconf 79' lang='lat' dir='ltr'><strong>aequalitatem3</strong></span> <span class='ocrx_word' id='word_1_144' title='bbox 760 1964 828 2022; x_wconf 89' lang='lat' dir='ltr'><strong>ideo</strong></span> <span class='ocrx_word' id='word_1_145' title='bbox 851 1963 882 2022; x_wconf 90' lang='grc'><strong>10</strong></span> <span class='ocrx_word' id='word_1_146' title='bbox 906 1963 978 2022; x_wconf 90' lang='lat' dir='ltr'><strong>illas</strong></span> <span class='ocrx_word' id='word_1_147' title='bbox 1000 1963 1113 2024; x_wconf 84' lang='lat' dir='ltr'><strong>iurare</strong></span> <span class='ocrx_word' id='word_1_148' title='bbox 1133 1983 1180 2022; x_wconf 91' lang='lat' dir='ltr'><strong>nou</strong></span> 
     </span>
     <span class='ocr_line' id='line_1_21' title="bbox 227 2056 1182 2135; baseline -0.003 -16"><span class='ocrx_word' id='word_1_149' title='bbox 227 2079 246 2118; x_wconf 80' lang='lat'>›</span> <span class='ocrx_word' id='word_1_150' title='bbox 261 2060 364 2118; x_wconf 87' lang='lat' dir='ltr'><strong>minus</strong></span> <span class='ocrx_word' id='word_1_151' title='bbox 385 2059 525 2134; x_wconf 87' lang='lat' dir='ltr'><strong>iniquum</strong></span> <span class='ocrx_word' id='word_1_152' title='bbox 550 2060 610 2128; x_wconf 84' lang='lat' dir='ltr'><strong>est,</strong></span> <span class='ocrx_word' id='word_1_153' title='bbox 628 2075 726 2132; x_wconf 91' lang='lat' dir='ltr'><strong>neque</strong></span> <span class='ocrx_word' id='word_1_154' title='bbox 740 2056 843 2116; x_wconf 90' lang='lat' dir='ltr'><strong>minus</strong></span> <span class='ocrx_word' id='word_1_155' title='bbox 858 2057 1031 2134; x_wconf 81' lang='lat' dir='ltr'><strong>impium.»</strong></span> <span class='ocrx_word' id='word_1_156' title='bbox 1060 2061 1111 2119; x_wconf 85' lang='lat' dir='ltr'><strong>Ex</strong></span> <span class='ocrx_word' id='word_1_157' title='bbox 1125 2059 1182 2135; x_wconf 91' lang='lat' dir='ltr'><strong>qni·</strong></span> 
     </span>
     <span class='ocr_line' id='line_1_22' title="bbox 227 2137 1181 2232; baseline -0.009 -17"><span class='ocrx_word' id='word_1_158' title='bbox 227 2158 285 2216; x_wconf 91' lang='lat' dir='ltr'><strong>bus</strong></span> <span class='ocrx_word' id='word_1_159' title='bbox 313 2155 432 2213; x_wconf 88' lang='lat' dir='ltr'><strong>videris</strong></span> <span class='ocrx_word' id='word_1_160' title='bbox 463 2153 640 2212; x_wconf 86' lang='lat' dir='ltr'><strong>huiusmodi</strong></span> <span class='ocrx_word' id='word_1_161' title='bbox 673 2153 863 2230; x_wconf 90' lang='lat' dir='ltr'><strong>praeiudicio</strong></span> <span class='ocrx_word' id='word_1_162' title='bbox 896 2137 949 2212; x_wconf 65' lang='lat' dir='ltr'><strong>t&#39;uo</strong></span> <span class='ocrx_word' id='word_1_163' title='bbox 980 2154 1181 2232; x_wconf 87' lang='lat' dir='ltr'><strong>interpretari</strong></span> 
     </span>
     <span class='ocr_line' id='line_1_23' title="bbox 228 2245 1210 2318; baseline -0.001 -12"><span class='ocrx_word' id='word_1_164' title='bbox 228 2248 310 2307; x_wconf 88' lang='lat' dir='ltr'><strong>velle</strong></span> <span class='ocrx_word' id='word_1_165' title='bbox 331 2246 480 2306; x_wconf 91' lang='lat' dir='ltr'><strong>iudicium</strong></span> <span class='ocrx_word' id='word_1_166' title='bbox 497 2249 662 2318; x_wconf 90' lang='lat' dir='ltr'><strong>Nostrum,</strong></span> <span class='ocrx_word' id='word_1_167' title='bbox 685 2263 754 2304; x_wconf 92' lang='lat' dir='ltr'><strong>cum</strong></span> <span class='ocrx_word' id='word_1_168' title='bbox 776 2247 841 2306; x_wconf 90' lang='lat' dir='ltr'><strong>Nos</strong></span> <span class='ocrx_word' id='word_1_169' title='bbox 863 2245 943 2305; x_wconf 87' lang='lat' dir='ltr'><strong>nihil</strong></span> <span class='ocrx_word' id='word_1_170' title='bbox 967 2247 1122 2307; x_wconf 90' lang='lat' dir='ltr'><strong>hactenus</strong></span> <span class='ocrx_word' id='word_1_171' title='bbox 1142 2249 1182 2305; x_wconf 84' lang='lat' dir='ltr'><strong>de</strong></span> <span class='ocrx_word' id='word_1_172' title='bbox 1209 2255 1210 2258; x_wconf 76' lang='grc'>’</span> 
     </span>
     <span class='ocr_line' id='line_1_24' title="bbox 226 2337 1182 2401; baseline 0.001 -3"><span class='ocrx_word' id='word_1_173' title='bbox 226 2339 422 2398; x_wconf 88' lang='lat' dir='ltr'><strong>creverimus</strong></span> <span class='ocrx_word' id='word_1_174' title='bbox 442 2340 480 2396; x_wconf 89' lang='lat' dir='ltr'><strong>de</strong></span> <span class='ocrx_word' id='word_1_175' title='bbox 502 2338 703 2397; x_wconf 90' lang='lat' dir='ltr'><strong>iureiurando</strong></span> <span class='ocrx_word' id='word_1_176' title='bbox 726 2337 782 2397; x_wconf 92' lang='lat' dir='ltr'><strong>illo</strong></span> <span class='ocrx_word' id='word_1_177' title='bbox 805 2338 925 2398; x_wconf 82' lang='lat' dir='ltr'><strong>Gallico</strong></span> <span class='ocrx_word' id='word_1_178' title='bbox 952 2340 1037 2400; x_wconf 86' lang='lat' dir='ltr'><strong>circa</strong></span> <span class='ocrx_word' id='word_1_179' title='bbox 1061 2340 1182 2401; x_wconf 82' lang='lat' dir='ltr'><strong>liberta·</strong></span> 
     </span>
     <span class='ocr_line' id='line_1_25' title="bbox 229 2431 1181 2511; baseline 0 -20"><span class='ocrx_word' id='word_1_180' title='bbox 229 2438 292 2491; x_wconf 92' lang='lat' dir='ltr'><strong>tem</strong></span> <span class='ocrx_word' id='word_1_181' title='bbox 314 2431 608 2508; x_wconf 79' lang='lat' dir='ltr'><strong>etaequalitetem3</strong></span> <span class='ocrx_word' id='word_1_182' title='bbox 638 2432 691 2490; x_wconf 90' lang='lat' dir='ltr'><strong>sed</strong></span> <span class='ocrx_word' id='word_1_183' title='bbox 720 2435 844 2490; x_wconf 89' lang='lat' dir='ltr'><strong>tantum</strong></span> <span class='ocrx_word' id='word_1_184' title='bbox 874 2433 1108 2506; x_wconf 87' lang='lat' dir='ltr'><strong>monuerimus,</strong></span> <span class='ocrx_word' id='word_1_185' title='bbox 1138 2435 1181 2511; x_wconf 89' lang='lat' dir='ltr'><strong>qui</strong></span> 
     </span>
     <span class='ocr_line' id='line_1_26' title="bbox 226 2523 1179 2602; baseline 0.002 -18"><span class='ocrx_word' id='word_1_186' title='bbox 226 2525 304 2584; x_wconf 92' lang='lat' dir='ltr'><strong>illud</strong></span> <span class='ocrx_word' id='word_1_187' title='bbox 328 2523 571 2602; x_wconf 84' lang='lat' dir='ltr'><strong>praestiterint,</strong></span> <span class='ocrx_word' id='word_1_188' title='bbox 601 2527 637 2584; x_wconf 93' lang='lat' dir='ltr'><strong>ut</strong></span> <span class='ocrx_word' id='word_1_189' title='bbox 661 2525 826 2584; x_wconf 88' lang='lat' dir='ltr'><strong>consulant</strong></span> <span class='ocrx_word' id='word_1_190' title='bbox 854 2526 1066 2586; x_wconf 88' lang='lat' dir='ltr'><strong>conscientiae</strong></span> <span class='ocrx_word' id='word_1_191' title='bbox 1091 2545 1179 2594; x_wconf 84' lang='lat' dir='ltr'><strong>suae,</strong></span> 
     </span>
     <span class='ocr_line' id='line_1_27' title="bbox 225 2617 806 2680; baseline 0 -2"><span class='ocrx_word' id='word_1_192' title='bbox 225 2637 295 2678; x_wconf 92' lang='lat' dir='ltr'><strong>cum</strong></span> <span class='ocrx_word' id='word_1_193' title='bbox 318 2619 349 2677; x_wconf 95' lang='grc'><strong>10</strong></span> <span class='ocrx_word' id='word_1_194' title='bbox 373 2617 464 2677; x_wconf 89' lang='lat' dir='ltr'><strong>dubio</strong></span> <span class='ocrx_word' id='word_1_195' title='bbox 486 2619 593 2678; x_wconf 89' lang='lat' dir='ltr'><strong>iurare</strong></span> <span class='ocrx_word' id='word_1_196' title='bbox 616 2638 676 2678; x_wconf 91' lang='lat' dir='ltr'><strong>non</strong></span> <span class='ocrx_word' id='word_1_197' title='bbox 699 2619 806 2680; x_wconf 85' lang='lat' dir='ltr'><strong>liceat.</strong></span> 
     </span>
    </p>

    <p class='ocr_par' dir='ltr' id='par_1_4' title="bbox 223 2709 1181 3535">
     <span class='ocr_line' id='line_1_28' title="bbox 285 2709 1179 2788; baseline 0 -19"><span class='ocrx_word' id='word_1_198' title='bbox 285 2712 320 2770; x_wconf 90' lang='lat' dir='ltr'><strong>In</strong></span> <span class='ocrx_word' id='word_1_199' title='bbox 343 2709 403 2768; x_wconf 87' lang='lat' dir='ltr'><strong>fine</strong></span> <span class='ocrx_word' id='word_1_200' title='bbox 419 2709 549 2787; x_wconf 82' lang='lat' dir='ltr'><strong>paginae</strong></span> <span class='ocrx_word' id='word_1_201' title='bbox 570 2712 705 2770; x_wconf 85' lang='lat' dir='ltr'><strong>decimae</strong></span> <span class='ocrx_word' id='word_1_202' title='bbox 719 2715 752 2771; x_wconf 92' lang='lat' dir='ltr'><strong>et</strong></span> <span class='ocrx_word' id='word_1_203' title='bbox 766 2713 797 2769; x_wconf 92' lang='lat' dir='ltr'><strong>in</strong></span> <span class='ocrx_word' id='word_1_204' title='bbox 814 2711 928 2788; x_wconf 83' lang='lat' dir='ltr'><strong>pagina</strong></span> <span class='ocrx_word' id='word_1_205' title='bbox 941 2711 1119 2786; x_wconf 88' lang='lat' dir='ltr'><strong>undecima,</strong></span> <span class='ocrx_word' id='word_1_206' title='bbox 1136 2731 1179 2772; x_wconf 87' lang='lat' dir='ltr'><strong>seu</strong></span> 
     </span>
     <span class='ocr_line' id='line_1_29' title="bbox 224 2803 1180 2882; baseline 0.005 -20"><span class='ocrx_word' id='word_1_207' title='bbox 224 2803 256 2863; x_wconf 92' lang='lat' dir='ltr'><strong>in</strong></span> <span class='ocrx_word' id='word_1_208' title='bbox 279 2808 347 2864; x_wconf 90' lang='lat' dir='ltr'><strong>toto</strong></span> <span class='ocrx_word' id='word_1_209' title='bbox 363 2806 558 2880; x_wconf 85' lang='lat' dir='ltr'><strong>paragrapho</strong></span> <span class='ocrx_word' id='word_1_210' title='bbox 574 2806 670 2864; x_wconf 91' lang='lat' dir='ltr'><strong>tertio</strong></span> <span class='ocrx_word' id='word_1_211' title='bbox 691 2805 800 2882; x_wconf 89' lang='lat' dir='ltr'><strong>agitur</strong></span> <span class='ocrx_word' id='word_1_212' title='bbox 821 2808 858 2864; x_wconf 91' lang='lat' dir='ltr'><strong>de</strong></span> <span class='ocrx_word' id='word_1_213' title='bbox 879 2806 1036 2882; x_wconf 90' lang='lat' dir='ltr'><strong>emptione</strong></span> <span class='ocrx_word' id='word_1_214' title='bbox 1058 2811 1090 2866; x_wconf 89' lang='lat' dir='ltr'><strong>et</strong></span> <span class='ocrx_word' id='word_1_215' title='bbox 1114 2827 1180 2867; x_wconf 89' lang='lat' dir='ltr'><strong>ven·</strong></span> 
     </span>
     <span class='ocr_line' id='line_1_30' title="bbox 225 2897 1181 2976; baseline 0.004 -20"><span class='ocrx_word' id='word_1_216' title='bbox 225 2897 343 2956; x_wconf 90' lang='lat' dir='ltr'><strong>ditione</strong></span> <span class='ocrx_word' id='word_1_217' title='bbox 366 2897 514 2955; x_wconf 89' lang='lat' dir='ltr'><strong>bonorum</strong></span> <span class='ocrx_word' id='word_1_218' title='bbox 536 2897 839 2957; x_wconf 86' lang='lat' dir='ltr'><strong>ecclesiasticorum:</strong></span> <span class='ocrx_word' id='word_1_219' title='bbox 863 2899 914 2958; x_wconf 89' lang='lat' dir='ltr'><strong>ubi</strong></span> <span class='ocrx_word' id='word_1_220' title='bbox 938 2904 1102 2976; x_wconf 85' lang='lat' dir='ltr'><strong>postquam</strong></span> <span class='ocrx_word' id='word_1_221' title='bbox 1124 2905 1181 2960; x_wconf 87' lang='lat' dir='ltr'><strong>sta·</strong></span> 
     </span>
     <span class='ocr_line' id='line_1_31' title="bbox 224 2990 1179 3066; baseline 0.002 -16"><span class='ocrx_word' id='word_1_222' title='bbox 224 2991 350 3052; x_wconf 92' lang='lat' dir='ltr'><strong>bilitum</strong></span> <span class='ocrx_word' id='word_1_223' title='bbox 379 2994 428 3050; x_wconf 88' lang='lat' dir='ltr'><strong>est</strong></span> <span class='ocrx_word' id='word_1_224' title='bbox 455 3009 513 3048; x_wconf 91' lang='lat' dir='ltr'><strong>non</strong></span> <span class='ocrx_word' id='word_1_225' title='bbox 543 2990 681 3066; x_wconf 88' lang='lat' dir='ltr'><strong>potuisse</strong></span> <span class='ocrx_word' id='word_1_226' title='bbox 704 2992 839 3052; x_wconf 85' lang='lat' dir='ltr'><strong>Comitia</strong></span> <span class='ocrx_word' id='word_1_227' title='bbox 860 2992 984 3053; x_wconf 81' lang='lat' dir='ltr'><strong>Gallica</strong></span> <span class='ocrx_word' id='word_1_228' title='bbox 1012 2994 1179 3054; x_wconf 82' lang='lat' dir='ltr'><strong>transferre</strong></span> 
     </span>
     <span class='ocr_line' id='line_1_32' title="bbox 226 3084 1179 3164; baseline 0.002 -20"><span class='ocrx_word' id='word_1_229' title='bbox 226 3086 375 3144; x_wconf 90' lang='lat' dir='ltr'><strong>bonorum</strong></span> <span class='ocrx_word' id='word_1_230' title='bbox 397 3084 678 3144; x_wconf 90' lang='lat' dir='ltr'><strong>ecclesiasticorum</strong></span> <span class='ocrx_word' id='word_1_231' title='bbox 694 3085 862 3145; x_wconf 92' lang='lat' dir='ltr'><strong>dominium</strong></span> <span class='ocrx_word' id='word_1_232' title='bbox 884 3085 917 3144; x_wconf 91' lang='grc'><strong>10</strong></span> <span class='ocrx_word' id='word_1_233' title='bbox 939 3085 1109 3164; x_wconf 83' lang='lat' dir='ltr'><strong>sacrilegos</strong></span> <span class='ocrx_word' id='word_1_234' title='bbox 1124 3107 1179 3146; x_wconf 90' lang='lat' dir='ltr'><strong>em·</strong></span> 
     </span>
     <span class='ocr_line' id='line_1_33' title="bbox 223 3177 1178 3256; baseline 0.004 -20"><span class='ocrx_word' id='word_1_235' title='bbox 223 3182 339 3254; x_wconf 89' lang='lat' dir='ltr'><strong>ptores,</strong></span> <span class='ocrx_word' id='word_1_236' title='bbox 358 3177 551 3253; x_wconf 85' lang='lat' dir='ltr'><strong>vetitamque</strong></span> <span class='ocrx_word' id='word_1_237' title='bbox 566 3196 632 3236; x_wconf 87' lang='lat' dir='ltr'><strong>esse</strong></span> <span class='ocrx_word' id='word_1_238' title='bbox 648 3178 705 3238; x_wconf 93' lang='lat' dir='ltr'><strong>sub</strong></span> <span class='ocrx_word' id='word_1_239' title='bbox 720 3198 817 3256; x_wconf 87' lang='lat' dir='ltr'><strong>poena</strong></span> <span class='ocrx_word' id='word_1_240' title='bbox 837 3181 1048 3239; x_wconf 89' lang='lat' dir='ltr'><strong>anathematis</strong></span> <span class='ocrx_word' id='word_1_241' title='bbox 1069 3199 1087 3239; x_wconf 85' lang='lat' dir='ltr'><strong>a</strong></span> <span class='ocrx_word' id='word_1_242' title='bbox 1111 3181 1178 3240; x_wconf 87' lang='lat' dir='ltr'><strong>Tri·</strong></span> 
     </span>
     <span class='ocr_line' id='line_1_34' title="bbox 223 3270 1178 3350; baseline 0.004 -23"><span class='ocrx_word' id='word_1_243' title='bbox 223 3271 350 3328; x_wconf 80' lang='lat' dir='ltr'><strong>‹lentino</strong></span> <span class='ocrx_word' id='word_1_244' title='bbox 371 3270 510 3331; x_wconf 79' lang='lat' dir='ltr'><strong>Concilio</strong></span> <span class='ocrx_word' id='word_1_245' title='bbox 532 3272 653 3332; x_wconf 86' lang='lat' dir='ltr'><strong>sancita</strong></span> <span class='ocrx_word' id='word_1_246' title='bbox 674 3273 791 3331; x_wconf 86' lang='lat' dir='ltr'><strong>dietam</strong></span> <span class='ocrx_word' id='word_1_247' title='bbox 813 3273 1040 3345; x_wconf 86' lang='lat' dir='ltr'><strong>venditionem,</strong></span> <span class='ocrx_word' id='word_1_248' title='bbox 1059 3272 1178 3350; x_wconf 87' lang='lat' dir='ltr'><strong>aliquae</strong></span> 
     </span>
     <span class='ocr_line' id='line_1_35' title="bbox 223 3361 1177 3444; baseline 0.008 -28"><span class='ocrx_word' id='word_1_249' title='bbox 223 3361 482 3434; x_wconf 88' lang='lat' dir='ltr'><strong>praescribuntur</strong></span> <span class='ocrx_word' id='word_1_250' title='bbox 503 3363 645 3439; x_wconf 88' lang='lat' dir='ltr'><strong>regulae,</strong></span> <span class='ocrx_word' id='word_1_251' title='bbox 668 3381 743 3440; x_wconf 87' lang='lat' dir='ltr'><strong>quas</strong></span> <span class='ocrx_word' id='word_1_252' title='bbox 765 3364 815 3422; x_wconf 84' lang='lat' dir='ltr'><strong>hle</strong></span> <span class='ocrx_word' id='word_1_253' title='bbox 839 3368 909 3423; x_wconf 90' lang='lat' dir='ltr'><strong>tuae</strong></span> <span class='ocrx_word' id='word_1_254' title='bbox 932 3365 1096 3440; x_wconf 81' lang='lat' dir='ltr'><strong>pastoralis</strong></span> <span class='ocrx_word' id='word_1_255' title='bbox 1120 3365 1177 3444; x_wconf 88' lang='lat' dir='ltr'><strong>epi·</strong></span> 
     </span>
     <span class='ocr_line' id='line_1_36' title="bbox 223 3451 1179 3535; baseline 0.01 -25"><span class='ocrx_word' id='word_1_256' title='bbox 223 3451 323 3511; x_wconf 78' lang='lat' dir='ltr'><strong>stolae</strong></span> <span class='ocrx_word' id='word_1_257' title='bbox 347 3453 449 3512; x_wconf 89' lang='lat' dir='ltr'><strong>verbis</strong></span> <span class='ocrx_word' id='word_1_258' title='bbox 469 3455 672 3532; x_wconf 79' lang='lat' dir='ltr'><strong>exponimus:</strong></span> <span class='ocrx_word' id='word_1_259' title='bbox 696 3457 881 3521; x_wconf 77' lang='lat' dir='ltr'><strong>«Graviter</strong></span> <span class='ocrx_word' id='word_1_260' title='bbox 906 3475 981 3535; x_wconf 87' lang='lat' dir='ltr'><strong>ergo</strong></span> <span class='ocrx_word' id='word_1_261' title='bbox 1002 3461 1113 3518; x_wconf 85' lang='lat' dir='ltr'><strong>contre</strong></span> <span class='ocrx_word' id='word_1_262' title='bbox 1136 3461 1179 3520; x_wconf 92' lang='lat' dir='ltr'><strong>iu·</strong></span> 
     </span>
    </p>
   </div>
   <div class='ocr_carea' id='block_1_3' title="bbox 0 0 1216 4196">
    <p class='ocr_par' dir='ltr' id='par_1_5' title="bbox 0 0 1216 4196">
     <span class='ocr_line' id='line_1_37' title="bbox 0 0 1216 4196; baseline 0 3"><span class='ocrx_word' id='word_1_263' title='bbox 0 0 1216 4196; x_wconf 95' lang='lat' dir='ltr'><strong> </strong></span> 
     </span>
    </p>
   </div>
  </div>
 </body>
</html>
