2424 4196
627 245 807 306 ...150-

644 427 784 484 xnvr.

595 546 840 617 RESPONSA

376 720 489 767 nuans
505 721 700 775 PROPOSIrIs
716 723 739 768 A
755 721 881 770 IOANNE
897 720 1063 788 BAPTIS'M

302 871 305 878 ⁴
355 888 513 952 Dioecesis
533 888 773 952 Aveaionacsis
792 890 1086 952 Administratore.

296 1074 518 1137 Sanctissimus
538 1077 687 1138 Dominus
700 1079 817 1138 Noster
831 1080 919 1152 Pius,
934 1077 1054 1137 Divina
1079 1076 1169 1137 Prori·
1200 1075 1202 1140 l

236 1168 343 1230 dentia
363 1172 450 1248 Papa
467 1171 523 1244 VI,
546 1172 584 1230 de
605 1170 744 1231 Concilio
766 1171 903 1230 selectae
923 1170 1168 1248 congregationis,

236 1266 275 1324 sd
303 1263 429 1341 singula
456 1281 534 1341 quae
563 1268 780 1343 proponuntur
809 1265 922 1338 dubia,
951 1265 1170 1342 respondendum
1201 1287 1202 1320 l

236 1357 400 1418 mandavit
421 1359 457 1416 ut
477 1358 633 1434 sequitur.
1196 1381 1201 1479 p

296 1449 438 1510 Dubium
457 1454 611 1528 primum.
635 1452 819 1511 Sacerdotes
840 1451 980 1528 quidam,
1002 1449 1170 1510 absolutiore
1201 1481 1202 1488 κ

235 1546 446 1623 suspensionis
460 1549 589 1623 accepta
609 1552 680 1623 post
694 1545 788 1606 civici
802 1545 974 1604 iuramenti
994 1542 1171 1606 retractetis·
1197 1592 1201 1624 ,

237 1642 367 1714 nem,ad
379 1638 513 1716 primum
528 1641 683 1699 vomitum
699 1639 813 1700 timore
825 1639 962 1718 perculsi
977 1637 1098 1698 reversi
1111 1636 1171 1702 sunt,
1196 1633 1202 1720 ᾗ

237 1752 298 1793 non
320 1733 443 1810 quidem
459 1733 670 1794 iuramentum
681 1734 782 1793 denuo
802 1732 981 1794 formaliter
995 1731 1169 1810 praestando,
1196 1768 1202 1839 Ι

237 1829 290 1886 sed
311 1846 398 1887 suam
419 1827 680 1887 retractationem
707 1826 841 1886 iuridice
864 1827 1046 1904 denegando
1066 1828 1118 1885 aut
1136 1839 1170 1880 re·

237 1923 385 1982 vocando.
399 1921 571 2006 Quaeritur
585 1923 692 1980 utrum
707 1922 765 1980 hoc
780 1921 861 1980 lecto
875 1923 983 1981 eadem
999 1920 1172 1997 suspensione

235 2013 354 2074 iterum
376 2016 578 2088 innodentur,
602 2018 636 2074 et
656 2031 737 2074 nova
758 2015 877 2073 Summi
899 2013 1064 2075 Pontificis
1083 2010 1171 2090 egeant
1200 2039 1201 2056 κ

236 2109 444 2169 absolutione.
633 2178 635 2182 .

296 2205 344 2263 Ad
367 2201 503 2278 primum
524 2201 652 2260 dubium
672 2203 883 2278 Responsum.
913 2200 1119 2262 Affirmative.

238 2357 245 2364 ,
296 2296 439 2356 Dubiam
460 2296 646 2356 secundum.
661 2294 848 2372 Presbyteri
862 2295 927 2372 qui,
950 2294 1110 2354 saeviente
1122 2305 1174 2370 per·

237 2389 419 2459 secutione,
441 2389 479 2447 ob
507 2393 623 2447 metum
639 2405 787 2470 gravem,
800 2389 1041 2466 presbyteratus
1068 2388 1172 2448 littero

234 2482 438 2544 tradiderunt
459 2482 710 2559 persecutoribus
730 2483 815 2559 ipsas
842 2483 1078 2558 postulantibus
1099 2483 1127 2541 in
1145 2475 1173 2535 si·

237 2595 332 2656 gnum
353 2576 596 2637 renuntiationis
617 2577 728 2637 Ordini
749 2577 950 2660 sacerdotali,
973 2577 1125 2652 debentne
1135 2573 1173 2629 ha·

237 2672 305 2732 beri
326 2675 486 2749 tamquam
506 2674 739 2748 apostatae‚,et
761 2671 872 2731 iisdem
897 2671 1004 2750 poenis
1027 2664 1143 2747 punirii

297 2768 345 2827 Ad
374 2768 542 2826 secundum
570 2765 697 2824 dubium
719 2766 928 2841 Responsum.
947 2764 1065 2842 Haberi
1087 2761 1172 2820 debore
1200 2755 1201 2846 ]

236 2860 396 2944 tamquam
424 2863 583 2937 apostatas
610 2858 786 2936 abOrdine
807 2859 840 2917 et
860 2875 880 2917 a
900 2858 1066 2935 Religione
1087 2851 1174 2917 catto
1200 2859 1201 2864 ’

235 2953 310 3027 lica,
326 2958 360 3015 et
381 2954 412 3013 in
434 2970 580 3014 censuras
602 2952 766 3014 incurrere
780 2971 799 3012 s
813 2953 910 3013 sacris
931 2952 1100 3012 canonibus
1113 2939 1173 3006 inli-

237 3051 304 3108 ctas
331 3052 443 3109 contra
474 3049 633 3124 apostatas
654 3046 694 3107 ab
715 3047 833 3106 Ordine
853 3049 887 3106 et
908 3065 927 3106 a
951 3045 1118 3124 Religione
1136 3039 1174 3098 0³·

236 3139 366 3201 tholica.

297 3234 440 3294 Dubium
451 3236 596 3293 tertium.
610 3231 778 3292 Saeviente
793 3235 899 3292 eadem
914 3233 1126 3311 persecutione
1137 3221 1176 3282 ed·

238 3345 349 3386 versus
360 3327 573 3404 presbyteros,
587 3325 650 3385 suis
661 3323 872 3386 functionibus
891 3325 1126 3402 parochialibus,
1137 3310 1174 3374 sed

237 3438 299 3480 non
314 3420 558 3480 sacerdotalibus
579 3419 780 3478 renunciavit
806 3421 966 3479 Par-ochus
993 3418 1133 3496 quidam,
1151 3403 1174 3463 id

237 3513 436 3593 exigentibus
449 3512 701 3591 persecutoribus
722 3511 752 3571 in
767 3513 872 3573 odium
893 3513 1079 3591 Religionis,
1091 3509 1121 3566 et
1132 3511 1175 3578 pr⁰
