2424 4196
509 186 781 245 ·.-144-

626 360 762 416 xnrv.

538 497 606 575 PH
632 498 688 576 Vl
714 499 761 574 P.
784 498 839 574 M.

491 696 895 757 DEORE'PUM

391 887 453 930 rao
473 885 646 930 mammona
668 883 864 929 successoris
884 886 933 928 sm
945 868 992 945 (1)

270 1030 334 1089 Nos
354 1028 431 1088 Pius
444 1030 530 1106 Papa
551 1031 680 1101 Sextus,
702 1027 836 1088 attentis
857 1027 1070 1105 peculiaribus
1085 1046 1169 1104 prae

210 1122 355 1182 sentibus
375 1122 534 1182 Ecclesiae
554 1109 816 1194 circumstantiis,
833 1126 870 1182 ut
887 1121 969 1182 viam
993 1123 1169 1199 praecluda-

209 1233 277 1274 mus
291 1215 534 1275 dissensionibus
548 1234 639 1292 quae,
655 1220 841 1276 occurrente
855 1215 942 1274 obitu
950 1217 1083 1288 Nostro,
1095 1213 1167 1273 oriri

186 1385 188 1390 Ι
209 1309 314 1368 forsan
342 1313 470 1387 possent
492 1310 615 1383 exiis,
638 1328 717 1387 quae
740 1310 771 1369 in
793 1309 1071 1370 constitutionibus
1092 1327 1168 1368 sum-

209 1419 329 1461 morum
344 1402 526 1480 pontificum
541 1404 729 1464 Nostrorum
749 1405 1021 1480 praedecessorum
1045 1419 1168 1461 servan-

209 1497 249 1554 da
269 1494 528 1572 praescribuntur
542 1495 574 1554 in
589 1495 745 1555 electione
760 1495 835 1566 novi
850 1495 983 1560 Romani
998 1494 1166 1564 Pontificis,

208 1590 242 1647 et
262 1589 427 1666 praecipue
449 1588 480 1648 in
502 1589 728 1649 constitutione
750 1587 896 1665 Gregorii
912 1590 953 1660 X,
980 1588 1031 1646 Pii
1053 1589 1111 1660 IV,
1127 1605 1168 1646 se·

207 1680 306 1757 ptimo
328 1680 370 1740 id.
390 1680 493 1740 octob.
507 1683 582 1740 anni
606 1681 703 1755 1562,
726 1685 759 1740 et
780 1680 951 1741 Clementis
972 1681 1046 1754 XII,
1061 1685 1166 1758 quarto

208 1792 281 1834 nou.
295 1775 396 1834 octob.
415 1775 503 1846 1732,
519 1775 637 1836 Nostra
658 1775 828 1852 apostolica
851 1774 1057 1847 auctoritate,
1070 1781 1106 1835 et
1119 1791 1166 1852 pro
1209 1839 1210 1854 χ

208 1868 266 1928 hac
280 1868 362 1940 vice,
379 1869 565 1945 derogantes
581 1867 611 1926 in
627 1868 668 1927 iis
682 1886 760 1944 quae
781 1868 812 1926 in
837 1867 946 1928 iisdem
968 1869 1166 1950 constitutio·

207 1961 299 2021 nibus
320 1963 475 2022 servande
488 1962 740 2034 constituuntur,
754 1962 919 2038 praecipue
935 1965 1035 2038 quoad
1052 1968 1166 2040 tempus

207 2055 393 2133 expectandi
415 2057 582 2115 adventum
606 2057 645 2113 ad
661 2056 776 2116 Urbem
799 2059 831 2114 S.
849 2058 888 2116 R.
902 2057 938 2116 Ε.
956 2056 1164 2118 Cardinalium

207 2153 300 2209 extra
321 2152 494 2210 Romanam
516 2147 643 2207 Curiam
666 2147 936 2220 commorantium,
961 2149 1162 2216 declaramus,

206 2242 410 2313 mandamus,
433 2244 466 2298 et
494 2239 606 2299 stricte
628 2239 658 2297 in
683 2240 813 2300 Domino
843 2242 1009 2300 hortamur
1031 2243 1063 2300 S.
1080 2245 1120 2301 R.
1133 2242 1161 2300 ll.

206 2333 389 2396 Gordinales
410 2332 526 2393 fratres
547 2334 695 2407 Nostros,
718 2333 748 2392 in
771 2336 829 2394 bac
850 2337 993 2394 Romana
1007 2335 1095 2396 Urbe
1109 2333 1164 2392 cxi-

206 2430 337 2498 stentes,
354 2429 391 2486 ut
410 2427 446 2486 ad
463 2428 536 2486 novi
550 2427 717 2487 Pontificis
738 2427 921 2487 electionem
937 2429 1162 2505 procedentes

205 2521 375 2599 procedere
403 2519 507 2578 valide
528 2526 562 2578 et
581 2520 724 2598 legitime
746 2520 894 2594 valeant,
918 2521 1043 2581 etiamsi
1062 2521 1163 2583 Cardi-

268 2638 303 2693 (1)
313 2637 520 2696 Impendentibus
529 2641 623 2685 Romae
634 2639 788 2696 sanctaeque
798 2639 961 2696 Apostolicae
973 2639 1032 2686 Sodi
1044 2641 1162 2698 gravissi·

205 2714 254 2762 mis
270 2713 467 2772 calamitatibus,
485 2715 547 2762 Pius
564 2717 600 2760 VI
617 2716 762 2762 consultum
777 2715 861 2761 voluit
877 2715 997 2762 electioni
1013 2716 1160 2764 successoris

206 2791 255 2848 aul,
269 2791 291 2837 ai
307 2792 359 2837 Deo
375 2792 515 2848 placuisset·
529 2792 614 2850 ipsum
630 2803 660 2837 ex
676 2793 725 2837 hae
740 2791 795 2837 vita
806 2791 916 2849 migrare
925 2793 954 2839 in
964 2792 1160 2840 difficillimailla

204 2879 290 2914 rerum
299 2865 451 2914 conditione.
460 2868 556 2914 Narrat
565 2867 669 2924 praesul
682 2863 778 2913 Petrus
791 2864 972 2928 Boldaescrrs',
980 2869 1096 2916 eundem.
1106 2871 1160 2916 Pon

204 2943 300 2990 tidoem
314 2942 345 2989 de
360 2943 409 2989 hoc
423 2943 524 3000 negotio
541 2942 671 2990 decretum
685 2942 795 3000 edidisse
816 2955 913 3000 suaque
927 2956 1007 2990 manu
1028 2948 1054 2991 et
1067 2943 1160 3003 privato

204 3018 290 3077 sigillo
305 3019 428 3076 firmasse,
437 3019 507 3066 -lioet
523 3031 573 3076 qua
589 3017 629 3066 die
645 3018 672 3064 id
688 3020 776 3076 egerit,
788 3019 907 3076 ignorare
919 3031 947 3065 ae
958 3019 1079 3066 fateatur.
1091 3017 1159 3066 Addit

203 3096 298 3152 men,
309 3096 373 3141 haee
383 3107 410 3141 ae
421 3094 549 3152 accepisse
559 3106 575 3140 a
585 3094 642 3140 viro
654 3093 703 3139 fide
720 3093 877 3151 dignissimo,
897 3093 941 3152 qui
957 3092 1088 3140 decretum
1103 3091 1158 3140 illud

204 3169 311 3218 viderat:
329 3180 357 3214 ae
374 3169 459 3215 autem
479 3170 587 3226 primam
609 3167 681 3215 illius
704 3167 912 3226 perscriptionem
934 3181 996 3227 prae
1015 3169 1099 3216 oculis
1117 3171 1158 3214 ha-

203 3243 298 3302 buisse,
316 3257 380 3302 quae
396 3257 474 3290 manu
490 3244 604 3291 eiusdem
620 3243 750 3291 Pontificis
768 3245 913 3302 conscripta
931 3246 990 3292 visa
1005 3246 1055 3293 sibi
1069 3245 1158 3303 est;et

203 3319 271 3368 bano
288 3319 375 3367 retulit
390 3319 419 3366 in
434 3332 481 3366 sno
498 3331 585 3378 opere,
604 3321 646 3366 oni
660 3319 765 3366 titulum
780 3320 851 3367 lecit:
869 3317 1015 3367 Belaeione
1032 3318 1103 3367 dello
1118 3333 1156 3364 co·

203 3393 301 3442 versit&
317 3408 330 3441 a
341 3392 491 3457 perimenti·
504 3392 548 3441 del
563 3391 682 3453 qlora'oso
701 3391 779 3457 Papo
796 3393 848 3442 Pio
863 3391 907 3442 VI
915 3401 963 3442 etc.
977 3391 1155 3444 Modestum!

204 3468 275 3517 Tem.
286 3466 310 3517 2.
317 3483 385 3530 pap.
397 3467 452 3516 219.

1207 2101 1210 2198 l
