<?xml version="1.0" encoding="UTF-8"?>
<!DOCTYPE html PUBLIC "-//W3C//DTD XHTML 1.0 Transitional//EN"
    "http://www.w3.org/TR/xhtml1/DTD/xhtml1-transitional.dtd">
<html xmlns="http://www.w3.org/1999/xhtml" xml:lang="en" lang="en">
 <head>
  <title>
</title>
<meta http-equiv="Content-Type" content="text/html;charset=utf-8" />
  <meta name='ocr-system' content='tesseract 3.04.00' />
  <meta name='ocr-capabilities' content='ocr_page ocr_carea ocr_par ocr_line ocrx_word'/>
</head>
<body>
  <div class='ocr_page' id='page_1' title='image "./piivipontmaxact01piusgoog_0022.png"; bbox 0 0 2488 4204; ppageno 0'>
   <div class='ocr_carea' id='block_1_1' title="bbox 213 300 1236 2057">
    <p class='ocr_par' dir='ltr' id='par_1_1' title="bbox 238 300 1203 1040">
     <span class='ocr_line' id='line_1_1' title="bbox 240 300 1199 382; baseline 0.004 -24"><span class='ocrx_word' id='word_1_1' title='bbox 240 300 363 360; x_wconf 91' lang='lat' dir='ltr'><strong>nomine</strong></span> <span class='ocrx_word' id='word_1_2' title='bbox 375 319 480 362; x_wconf 90' lang='lat' dir='ltr'><strong>omues</strong></span> <span class='ocrx_word' id='word_1_3' title='bbox 491 303 529 362; x_wconf 91' lang='lat' dir='ltr'><strong>ob</strong></span> <span class='ocrx_word' id='word_1_4' title='bbox 542 306 605 363; x_wconf 90' lang='lat' dir='ltr'><strong>tam</strong></span> <span class='ocrx_word' id='word_1_5' title='bbox 617 303 779 382; x_wconf 84' lang='lat' dir='ltr'><strong>egregium</strong></span> <span class='ocrx_word' id='word_1_6' title='bbox 790 303 907 364; x_wconf 83' lang='lat' dir='ltr'><strong>iactum</strong></span> <span class='ocrx_word' id='word_1_7' title='bbox 919 303 1199 370; x_wconf 78' lang='lat' dir='ltr'><strong>collaudariQuod</strong></span> 
     </span>
     <span class='ocr_line' id='line_1_2' title="bbox 241 395 1203 475; baseline 0.002 -21"><span class='ocrx_word' id='word_1_8' title='bbox 241 413 297 454; x_wconf 90' lang='lat' dir='ltr'><strong>vos</strong></span> <span class='ocrx_word' id='word_1_9' title='bbox 317 395 413 456; x_wconf 87' lang='lat' dir='ltr'><strong>otiam</strong></span> <span class='ocrx_word' id='word_1_10' title='bbox 436 397 545 456; x_wconf 85' lang='lat' dir='ltr'><strong>iisdem</strong></span> <span class='ocrx_word' id='word_1_11' title='bbox 561 398 685 471; x_wconf 86' lang='lat' dir='ltr'><strong>testari,</strong></span> <span class='ocrx_word' id='word_1_12' title='bbox 703 403 735 458; x_wconf 87' lang='lat' dir='ltr'><strong>ot</strong></span> <span class='ocrx_word' id='word_1_13' title='bbox 749 399 937 459; x_wconf 86' lang='lat' dir='ltr'><strong>confirmare</strong></span> <span class='ocrx_word' id='word_1_14' title='bbox 953 398 1111 475; x_wconf 87' lang='lat' dir='ltr'><strong>poteritis.</strong></span> <span class='ocrx_word' id='word_1_15' title='bbox 1128 397 1203 457; x_wconf 89' lang='lat' dir='ltr'><strong>Offi-</strong></span> 
     </span>
     <span class='ocr_line' id='line_1_3' title="bbox 240 489 1201 568; baseline 0.001 -21"><span class='ocrx_word' id='word_1_16' title='bbox 240 489 323 548; x_wconf 84' lang='lat' dir='ltr'><strong>cium</strong></span> <span class='ocrx_word' id='word_1_17' title='bbox 341 490 399 550; x_wconf 93' lang='lat' dir='ltr'><strong>hoc</strong></span> <span class='ocrx_word' id='word_1_18' title='bbox 422 492 573 552; x_wconf 89' lang='lat' dir='ltr'><strong>Nostrum</strong></span> <span class='ocrx_word' id='word_1_19' title='bbox 598 492 679 552; x_wconf 90' lang='lat' dir='ltr'><strong>certi</strong></span> <span class='ocrx_word' id='word_1_20' title='bbox 705 510 822 566; x_wconf 87' lang='lat' dir='ltr'><strong>sumus,</strong></span> <span class='ocrx_word' id='word_1_21' title='bbox 848 491 957 551; x_wconf 85' lang='lat' dir='ltr'><strong>dilecti</strong></span> <span class='ocrx_word' id='word_1_22' title='bbox 981 489 1072 565; x_wconf 82' lang='lat' dir='ltr'><strong>Filii,</strong></span> <span class='ocrx_word' id='word_1_23' title='bbox 1100 489 1201 568; x_wconf 88' lang='lat' dir='ltr'><strong>quoad</strong></span> 
     </span>
     <span class='ocr_line' id='line_1_4' title="bbox 241 585 1201 664; baseline 0 -20"><span class='ocrx_word' id='word_1_24' title='bbox 241 603 297 644; x_wconf 85' lang='lat' dir='ltr'><strong>vos</strong></span> <span class='ocrx_word' id='word_1_25' title='bbox 317 604 433 658; x_wconf 77' lang='lat' dir='ltr'><strong>omnes,</strong></span> <span class='ocrx_word' id='word_1_26' title='bbox 449 605 484 647; x_wconf 91' lang='lat' dir='ltr'><strong>eo</strong></span> <span class='ocrx_word' id='word_1_27' title='bbox 498 588 594 647; x_wconf 85' lang='lat' dir='ltr'><strong>etiam</strong></span> <span class='ocrx_word' id='word_1_28' title='bbox 610 589 783 649; x_wconf 87' lang='lat' dir='ltr'><strong>valiturum</strong></span> <span class='ocrx_word' id='word_1_29' title='bbox 798 605 875 660; x_wconf 80' lang='lat' dir='ltr'><strong>esse,</strong></span> <span class='ocrx_word' id='word_1_30' title='bbox 888 588 968 664; x_wconf 86' lang='lat' dir='ltr'><strong>quod</strong></span> <span class='ocrx_word' id='word_1_31' title='bbox 979 585 1012 644; x_wconf 92' lang='lat' dir='ltr'><strong>in</strong></span> <span class='ocrx_word' id='word_1_32' title='bbox 1025 589 1201 664; x_wconf 83' lang='lat' dir='ltr'><strong>posterum,</strong></span> 
     </span>
     <span class='ocr_line' id='line_1_5' title="bbox 239 680 1201 759; baseline -0.001 -20"><span class='ocrx_word' id='word_1_33' title='bbox 239 680 301 739; x_wconf 87' lang='lat' dir='ltr'><strong>etsi</strong></span> <span class='ocrx_word' id='word_1_34' title='bbox 319 698 375 757; x_wconf 87' lang='lat' dir='ltr'><strong>pcr</strong></span> <span class='ocrx_word' id='word_1_35' title='bbox 397 681 555 759; x_wconf 86' lang='lat' dir='ltr'><strong>vosipsos</strong></span> <span class='ocrx_word' id='word_1_36' title='bbox 577 683 712 742; x_wconf 85' lang='lat' dir='ltr'><strong>maxime</strong></span> <span class='ocrx_word' id='word_1_37' title='bbox 734 681 805 740; x_wconf 89' lang='lat' dir='ltr'><strong>sitis</strong></span> <span class='ocrx_word' id='word_1_38' title='bbox 825 682 862 740; x_wconf 87' lang='lat' dir='ltr'><strong>ad</strong></span> <span class='ocrx_word' id='word_1_39' title='bbox 887 683 1035 741; x_wconf 89' lang='lat' dir='ltr'><strong>tuendum</strong></span> <span class='ocrx_word' id='word_1_40' title='bbox 1063 681 1121 740; x_wconf 87' lang='lat' dir='ltr'><strong>hoo</strong></span> <span class='ocrx_word' id='word_1_41' title='bbox 1146 697 1201 738; x_wconf 85' lang='lat' dir='ltr'><strong>ve·</strong></span> 
     </span>
     <span class='ocr_line' id='line_1_6' title="bbox 239 772 1201 852; baseline -0.002 -19"><span class='ocrx_word' id='word_1_42' title='bbox 239 776 340 834; x_wconf 90' lang='lat' dir='ltr'><strong>strum</strong></span> <span class='ocrx_word' id='word_1_43' title='bbox 363 775 455 834; x_wconf 87' lang='lat' dir='ltr'><strong>decus</strong></span> <span class='ocrx_word' id='word_1_44' title='bbox 476 776 619 847; x_wconf 84' lang='lat' dir='ltr'><strong>excitati,</strong></span> <span class='ocrx_word' id='word_1_45' title='bbox 643 779 747 836; x_wconf 86' lang='lat' dir='ltr'><strong>tamen</strong></span> <span class='ocrx_word' id='word_1_46' title='bbox 770 775 869 852; x_wconf 82' lang='lat' dir='ltr'><strong>magis</strong></span> <span class='ocrx_word' id='word_1_47' title='bbox 891 774 991 834; x_wconf 90' lang='lat' dir='ltr'><strong>adhuc</strong></span> <span class='ocrx_word' id='word_1_48' title='bbox 1013 772 1201 834; x_wconf 81' lang='lat' dir='ltr'><strong>inflammati</strong></span> 
     </span>
     <span class='ocr_line' id='line_1_7' title="bbox 238 866 1201 945; baseline -0.001 -20"><span class='ocrx_word' id='word_1_49' title='bbox 238 867 329 926; x_wconf 88' lang='lat' dir='ltr'><strong>eritis</strong></span> <span class='ocrx_word' id='word_1_50' title='bbox 351 869 388 926; x_wconf 91' lang='lat' dir='ltr'><strong>ad</strong></span> <span class='ocrx_word' id='word_1_51' title='bbox 412 871 520 928; x_wconf 85' lang='lat' dir='ltr'><strong>vestra</strong></span> <span class='ocrx_word' id='word_1_52' title='bbox 540 886 616 945; x_wconf 79' lang='lat' dir='ltr'><strong>erga</strong></span> <span class='ocrx_word' id='word_1_53' title='bbox 636 870 700 929; x_wconf 89' lang='lat' dir='ltr'><strong>Nos</strong></span> <span class='ocrx_word' id='word_1_54' title='bbox 721 868 909 928; x_wconf 87' lang='lat' dir='ltr'><strong>cumulanda</strong></span> <span class='ocrx_word' id='word_1_55' title='bbox 930 866 1058 940; x_wconf 83' lang='lat' dir='ltr'><strong>merita,</strong></span> <span class='ocrx_word' id='word_1_56' title='bbox 1074 869 1113 926; x_wconf 86' lang='lat' dir='ltr'><strong>ad</strong></span> <span class='ocrx_word' id='word_1_57' title='bbox 1129 883 1201 942; x_wconf 89' lang='lat' dir='ltr'><strong>pro·</strong></span> 
     </span>
     <span class='ocr_line' id='line_1_8' title="bbox 239 960 1201 1040; baseline -0.002 -20"><span class='ocrx_word' id='word_1_58' title='bbox 239 962 408 1038; x_wconf 84' lang='lat' dir='ltr'><strong>sequendos</strong></span> <span class='ocrx_word' id='word_1_59' title='bbox 429 963 551 1022; x_wconf 86' lang='lat' dir='ltr'><strong>scilicet</strong></span> <span class='ocrx_word' id='word_1_60' title='bbox 571 965 605 1022; x_wconf 90' lang='lat' dir='ltr'><strong>et</strong></span> <span class='ocrx_word' id='word_1_61' title='bbox 626 963 864 1040; x_wconf 86' lang='lat' dir='ltr'><strong>amplificandos</strong></span> <span class='ocrx_word' id='word_1_62' title='bbox 885 961 1076 1021; x_wconf 78' lang='lat' dir='ltr'><strong>christianae</strong></span> <span class='ocrx_word' id='word_1_63' title='bbox 1098 960 1201 1020; x_wconf 89' lang='lat' dir='ltr'><strong>ohari-</strong></span> 
     </span>
    </p>

    <p class='ocr_par' dir='ltr' id='par_1_2' title="bbox 213 1055 1236 1795">
     <span class='ocr_line' id='line_1_9' title="bbox 213 1055 1198 1118; baseline -0.001 -4"><span class='ocrx_word' id='word_1_64' title='bbox 213 1104 216 1108; x_wconf 94' lang='lat'>.</span> <span class='ocrx_word' id='word_1_65' title='bbox 240 1055 316 1114; x_wconf 85' lang='lat' dir='ltr'><strong>tatis</strong></span> <span class='ocrx_word' id='word_1_66' title='bbox 341 1061 430 1116; x_wconf 87' lang='lat' dir='ltr'><strong>actus</strong></span> <span class='ocrx_word' id='word_1_67' title='bbox 456 1059 486 1114; x_wconf 91' lang='lat' dir='ltr'><strong>in</strong></span> <span class='ocrx_word' id='word_1_68' title='bbox 513 1057 801 1117; x_wconf 87' lang='lat' dir='ltr'><strong>aerumnosissimos</strong></span> <span class='ocrx_word' id='word_1_69' title='bbox 823 1057 898 1116; x_wconf 92' lang='lat' dir='ltr'><strong>illos</strong></span> <span class='ocrx_word' id='word_1_70' title='bbox 917 1058 1051 1118; x_wconf 77' lang='lat' dir='ltr'><strong>Nostros</strong></span> <span class='ocrx_word' id='word_1_71' title='bbox 1068 1057 1198 1115; x_wconf 83' lang='lat' dir='ltr'>Fratres</span> 
     </span>
     <span class='ocr_line' id='line_1_10' title="bbox 237 1149 1200 1231; baseline 0.001 -22"><span class='ocrx_word' id='word_1_72' title='bbox 237 1155 272 1211; x_wconf 88' lang='lat' dir='ltr'><strong>et</strong></span> <span class='ocrx_word' id='word_1_73' title='bbox 286 1151 396 1225; x_wconf 82' lang='lat' dir='ltr'><strong>Filiae,</strong></span> <span class='ocrx_word' id='word_1_74' title='bbox 413 1171 490 1230; x_wconf 88' lang='lat' dir='ltr'><strong>quos</strong></span> <span class='ocrx_word' id='word_1_75' title='bbox 510 1154 606 1213; x_wconf 91' lang='lat' dir='ltr'><strong>Vobis</strong></span> <span class='ocrx_word' id='word_1_76' title='bbox 619 1153 715 1214; x_wconf 84' lang='lat' dir='ltr'><strong>etiam</strong></span> <span class='ocrx_word' id='word_1_77' title='bbox 731 1158 824 1231; x_wconf 84' lang='lat' dir='ltr'><strong>atque</strong></span> <span class='ocrx_word' id='word_1_78' title='bbox 838 1155 935 1214; x_wconf 87' lang='lat' dir='ltr'><strong>etiem</strong></span> <span class='ocrx_word' id='word_1_79' title='bbox 957 1171 1016 1212; x_wconf 90' lang='lat' dir='ltr'><strong>uon</strong></span> <span class='ocrx_word' id='word_1_80' title='bbox 1031 1149 1096 1212; x_wconf 76' lang='lat' dir='ltr'><strong>sine</strong></span> <span class='ocrx_word' id='word_1_81' title='bbox 1119 1169 1200 1212; x_wconf 93' lang='lat' dir='ltr'><strong>sum·</strong></span> 
     </span>
     <span class='ocr_line' id='line_1_11' title="bbox 239 1237 1199 1322; baseline 0.001 -19"><span class='ocrx_word' id='word_1_82' title='bbox 239 1262 290 1303; x_wconf 92' lang='lat' dir='ltr'><strong>ma</strong></span> <span class='ocrx_word' id='word_1_83' title='bbox 309 1250 432 1306; x_wconf 86' lang='lat' dir='ltr'><strong>restrae</strong></span> <span class='ocrx_word' id='word_1_84' title='bbox 458 1246 587 1322; x_wconf 80' lang='lat' dir='ltr'><strong>pietatis</strong></span> <span class='ocrx_word' id='word_1_85' title='bbox 610 1237 724 1305; x_wconf 80' lang='lat' dir='ltr'><strong>fiducia</strong></span> <span class='ocrx_word' id='word_1_86' title='bbox 745 1248 1003 1307; x_wconf 75' lang='lat' dir='ltr'><strong>commendamur.</strong></span> <span class='ocrx_word' id='word_1_87' title='bbox 1029 1247 1199 1305; x_wconf 88' lang='lat' dir='ltr'><strong>Preoamur</strong></span> 
     </span>
     <span class='ocr_line' id='line_1_12' title="bbox 239 1339 1199 1415; baseline 0 -18"><span class='ocrx_word' id='word_1_88' title='bbox 239 1339 484 1415; x_wconf 88' lang='lat' dir='ltr'><strong>omnipotentem</strong></span> <span class='ocrx_word' id='word_1_89' title='bbox 499 1342 595 1400; x_wconf 87' lang='lat' dir='ltr'><strong>Deum</strong></span> <span class='ocrx_word' id='word_1_90' title='bbox 611 1343 644 1398; x_wconf 91' lang='lat' dir='ltr'><strong>et</strong></span> <span class='ocrx_word' id='word_1_91' title='bbox 658 1340 821 1400; x_wconf 89' lang='lat' dir='ltr'><strong>Dominum</strong></span> <span class='ocrx_word' id='word_1_92' title='bbox 832 1342 984 1403; x_wconf 86' lang='lat' dir='ltr'><strong>Nostrum</strong></span> <span class='ocrx_word' id='word_1_93' title='bbox 995 1343 1098 1401; x_wconf 87' lang='lat' dir='ltr'><strong>Iesum</strong></span> <span class='ocrx_word' id='word_1_94' title='bbox 1110 1340 1199 1400; x_wconf 82' lang='lat' dir='ltr'><strong>Chri·</strong></span> 
     </span>
     <span class='ocr_line' id='line_1_13' title="bbox 239 1433 1198 1514; baseline 0.002 -23"><span class='ocrx_word' id='word_1_95' title='bbox 239 1437 342 1506; x_wconf 86' lang='lat' dir='ltr'><strong>stum,</strong></span> <span class='ocrx_word' id='word_1_96' title='bbox 371 1437 406 1492; x_wconf 87' lang='lat' dir='ltr'><strong>ut</strong></span> <span class='ocrx_word' id='word_1_97' title='bbox 431 1452 484 1493; x_wconf 84' lang='lat' dir='ltr'><strong>vos</strong></span> <span class='ocrx_word' id='word_1_98' title='bbox 516 1433 581 1510; x_wconf 91' lang='lat' dir='ltr'><strong>ipse</strong></span> <span class='ocrx_word' id='word_1_99' title='bbox 612 1434 757 1495; x_wconf 83' lang='lat' dir='ltr'><strong>caelestis</strong></span> <span class='ocrx_word' id='word_1_100' title='bbox 789 1453 863 1496; x_wconf 82' lang='lat' dir='ltr'><strong>suae</strong></span> <span class='ocrx_word' id='word_1_101' title='bbox 896 1435 1017 1514; x_wconf 84' lang='lat' dir='ltr'><strong>gratiae</strong></span> <span class='ocrx_word' id='word_1_102' title='bbox 1048 1435 1198 1512; x_wconf 83' lang='lat' dir='ltr'><strong>largitate</strong></span> 
     </span>
     <span class='ocr_line' id='line_1_14' title="bbox 238 1528 1200 1605; baseline -0.001 -19"><span class='ocrx_word' id='word_1_103' title='bbox 238 1532 433 1601; x_wconf 89' lang='lat' dir='ltr'><strong>muneretur,</strong></span> <span class='ocrx_word' id='word_1_104' title='bbox 449 1528 598 1604; x_wconf 86' lang='lat' dir='ltr'><strong>vobisque</strong></span> <span class='ocrx_word' id='word_1_105' title='bbox 627 1529 842 1605; x_wconf 87' lang='lat' dir='ltr'><strong>Apostolioam</strong></span> <span class='ocrx_word' id='word_1_106' title='bbox 868 1528 1122 1589; x_wconf 85' lang='lat' dir='ltr'><strong>Benedictionem</strong></span> <span class='ocrx_word' id='word_1_107' title='bbox 1151 1528 1200 1589; x_wconf 91' lang='lat' dir='ltr'><strong>Di·</strong></span> 
     </span>
     <span class='ocr_line' id='line_1_15' title="bbox 238 1611 1198 1700; baseline -0.001 -21"><span class='ocrx_word' id='word_1_108' title='bbox 238 1621 384 1680; x_wconf 79' lang='lat' dir='ltr'><strong>vinarum</strong></span> <span class='ocrx_word' id='word_1_109' title='bbox 406 1622 662 1683; x_wconf 83' lang='lat' dir='ltr'><strong>Benedictionum</strong></span> <span class='ocrx_word' id='word_1_110' title='bbox 683 1623 820 1682; x_wconf 91' lang='lat' dir='ltr'><strong>omnium</strong></span> <span class='ocrx_word' id='word_1_111' title='bbox 834 1623 1002 1700; x_wconf 79' lang='lat' dir='ltr'><strong>auspicem,</strong></span> <span class='ocrx_word' id='word_1_112' title='bbox 1025 1611 1066 1682; x_wconf 65' lang='grc' dir='ltr'><strong>οἱ</strong></span> <span class='ocrx_word' id='word_1_113' title='bbox 1086 1623 1198 1681; x_wconf 89' lang='lat' dir='ltr'><strong>intimo</strong></span> 
     </span>
     <span class='ocr_line' id='line_1_16' title="bbox 237 1717 1236 1795; baseline -0.003 -20"><span class='ocrx_word' id='word_1_114' title='bbox 237 1722 368 1792; x_wconf 86' lang='lat' dir='ltr'><strong>paterno</strong></span> <span class='ocrx_word' id='word_1_115' title='bbox 392 1719 482 1777; x_wconf 88' lang='lat' dir='ltr'><strong>corde</strong></span> <span class='ocrx_word' id='word_1_116' title='bbox 505 1719 739 1795; x_wconf 77' lang='lat' dir='ltr'>depromptam,</span> <span class='ocrx_word' id='word_1_117' title='bbox 762 1726 962 1795; x_wconf 78' lang='lat' dir='ltr'><strong>peramanter</strong></span> <span class='ocrx_word' id='word_1_118' title='bbox 984 1717 1196 1794; x_wconf 78' lang='lat' dir='ltr'><strong>impertimur.</strong></span> <span class='ocrx_word' id='word_1_119' title='bbox 1235 1751 1236 1760; x_wconf 24' lang='grc' dir='ltr'><strong>κ</strong></span> 
     </span>
    </p>

    <p class='ocr_par' dir='ltr' id='par_1_3' title="bbox 232 1807 1236 2085">
     <span class='ocr_line' id='line_1_17' title="bbox 298 1807 1236 1887; baseline -0.002 -20"><span class='ocrx_word' id='word_1_120' title='bbox 298 1810 411 1869; x_wconf 86' lang='lat' dir='ltr'><strong>Datum</strong></span> <span class='ocrx_word' id='word_1_121' title='bbox 433 1813 549 1870; x_wconf 86' lang='lat' dir='ltr'><strong>Romae</strong></span> <span class='ocrx_word' id='word_1_122' title='bbox 570 1812 650 1887; x_wconf 85' lang='lat' dir='ltr'><strong>apud</strong></span> <span class='ocrx_word' id='word_1_123' title='bbox 673 1812 706 1869; x_wconf 88' lang='lat' dir='ltr'><strong>S.</strong></span> <span class='ocrx_word' id='word_1_124' title='bbox 727 1813 856 1870; x_wconf 85' lang='lat' dir='ltr'><strong>Petrum</strong></span> <span class='ocrx_word' id='word_1_125' title='bbox 880 1808 937 1868; x_wconf 90' lang='lat' dir='ltr'><strong>sub</strong></span> <span class='ocrx_word' id='word_1_126' title='bbox 957 1808 1073 1869; x_wconf 87' lang='lat' dir='ltr'><strong>annulo</strong></span> <span class='ocrx_word' id='word_1_127' title='bbox 1100 1807 1198 1884; x_wconf 88' lang='lat' dir='ltr'><strong>pisca·</strong></span> <span class='ocrx_word' id='word_1_128' title='bbox 1235 1827 1236 1882; x_wconf 51' lang='lat' dir='ltr'><strong>p</strong></span> 
     </span>
     <span class='ocr_line' id='line_1_18' title="bbox 237 1899 1197 1980; baseline -0.005 -19"><span class='ocrx_word' id='word_1_129' title='bbox 237 1901 327 1973; x_wconf 86' lang='lat' dir='ltr'><strong>toris,</strong></span> <span class='ocrx_word' id='word_1_130' title='bbox 351 1902 400 1961; x_wconf 88' lang='lat' dir='ltr'><strong>die</strong></span> <span class='ocrx_word' id='word_1_131' title='bbox 421 1905 481 1964; x_wconf 86' lang='lat' dir='ltr'><strong>XX</strong></span> <span class='ocrx_word' id='word_1_132' title='bbox 497 1904 616 1980; x_wconf 86' lang='lat' dir='ltr'><strong>Aprilis</strong></span> <span class='ocrx_word' id='word_1_133' title='bbox 632 1905 850 1976; x_wconf 78' lang='lat' dir='ltr'>MDCOXCIII,</span> <span class='ocrx_word' id='word_1_134' title='bbox 867 1903 1074 1963; x_wconf 85' lang='lat' dir='ltr'><strong>Pontificatus</strong></span> <span class='ocrx_word' id='word_1_135' title='bbox 1088 1899 1197 1962; x_wconf 85' lang='lat' dir='ltr'><strong>Nostri</strong></span> 
     </span>
     <span class='ocr_line' id='line_1_19' title="bbox 232 1997 421 2057; baseline 0.004 -4"><span class='ocrx_word' id='word_1_136' title='bbox 232 2013 314 2055; x_wconf 87' lang='lat' dir='ltr'><strong>anno</strong></span> <span class='ocrx_word' id='word_1_137' title='bbox 335 1997 421 2057; x_wconf 87' lang='lat' dir='ltr'>XIX.</span> 
     </span>
    </p>
   </div>
   <div class='ocr_carea' id='block_1_2' title="bbox 361 2197 1070 2368">
    <p class='ocr_par' dir='ltr' id='par_1_4' title="bbox 361 2197 1235 2405">
     <span class='ocr_line' id='line_1_20' title="bbox 706 2197 754 2254; baseline 0.042 -2"><span class='ocrx_word' id='word_1_138' title='bbox 706 2197 754 2254; x_wconf 74' lang='lat' dir='ltr'><strong>V.</strong></span> 
     </span>
     <span class='ocr_line' id='line_1_21' title="bbox 361 2198 1070 2368; baseline 0 -2"><span class='ocrx_word' id='word_1_139' title='bbox 361 2297 402 2367; x_wconf 83' lang='lat' dir='ltr'><strong>F.</strong></span> <span class='ocrx_word' id='word_1_140' title='bbox 421 2300 466 2366; x_wconf 88' lang='lat' dir='ltr'><strong>X.</strong></span> <span class='ocrx_word' id='word_1_141' title='bbox 486 2198 772 2368; x_wconf 57' lang='lat' dir='ltr'><strong>CARDINAILIS</strong></span> <span class='ocrx_word' id='word_1_142' title='bbox 795 2299 859 2367; x_wconf 88' lang='lat' dir='ltr'><strong>DE</strong></span> <span class='ocrx_word' id='word_1_143' title='bbox 882 2299 1070 2367; x_wconf 83' lang='lat' dir='ltr'><strong>ZELADA</strong></span> 
     </span>
    </p>
   </div>
   <div class='ocr_carea' id='block_1_3' title="bbox 641 2498 792 2541">
    <p class='ocr_par' dir='ltr' id='par_1_5' title="bbox 641 2451 1234 2724">
     <span class='ocr_line' id='line_1_22' title="bbox 641 2498 792 2541; baseline 0.01 -1"><span class='ocrx_word' id='word_1_144' title='bbox 641 2498 792 2541; x_wconf 71' lang='lat' dir='ltr'><strong>srrst&#39;ona</strong></span> 
     </span>
    </p>
   </div>
   <div class='ocr_carea' id='block_1_4' title="bbox 400 2651 1026 2712">
    <p class='ocr_par' dir='ltr' id='par_1_6' title="bbox 400 2651 1026 2712">
     <span class='ocr_line' id='line_1_23' title="bbox 400 2651 1026 2712; baseline 0.003 -4"><span class='ocrx_word' id='word_1_145' title='bbox 400 2651 454 2708; x_wconf 86' lang='lat' dir='ltr'><strong>AD</strong></span> <span class='ocrx_word' id='word_1_146' title='bbox 475 2651 704 2712; x_wconf 84' lang='lat' dir='ltr'>EPISGOPUM</span> <span class='ocrx_word' id='word_1_147' title='bbox 725 2652 1026 2712; x_wconf 77' lang='lat' dir='ltr'><strong>LUCIONENSEM.</strong></span> 
     </span>
    </p>
   </div>
   <div class='ocr_carea' id='block_1_5' title="bbox 231 2836 1232 3571">
    <p class='ocr_par' dir='ltr' id='par_1_7' title="bbox 231 2836 1232 3571">
     <span class='ocr_line' id='line_1_24' title="bbox 295 2836 1195 2918; baseline -0.002 -19"><span class='ocrx_word' id='word_1_148' title='bbox 295 2840 441 2902; x_wconf 86' lang='lat' dir='ltr'><strong>Perlatae</strong></span> <span class='ocrx_word' id='word_1_149' title='bbox 470 2846 544 2902; x_wconf 86' lang='lat' dir='ltr'><strong>sunt</strong></span> <span class='ocrx_word' id='word_1_150' title='bbox 565 2841 760 2902; x_wconf 89' lang='lat' dir='ltr'><strong>sanctissimo</strong></span> <span class='ocrx_word' id='word_1_151' title='bbox 780 2840 909 2901; x_wconf 90' lang='lat' dir='ltr'><strong>Domino</strong></span> <span class='ocrx_word' id='word_1_152' title='bbox 936 2842 1053 2901; x_wconf 90' lang='lat' dir='ltr'><strong>Nostro</strong></span> <span class='ocrx_word' id='word_1_153' title='bbox 1077 2836 1195 2918; x_wconf 85' lang='lat' dir='ltr'><strong>Ampli-</strong></span> 
     </span>
     <span class='ocr_line' id='line_1_25' title="bbox 234 2931 1193 3010; baseline -0.006 -17"><span class='ocrx_word' id='word_1_154' title='bbox 234 2931 353 2993; x_wconf 87' lang='lat' dir='ltr'><strong>tudinis</strong></span> <span class='ocrx_word' id='word_1_155' title='bbox 375 2937 447 2994; x_wconf 82' lang='lat' dir='ltr'><strong>tuae</strong></span> <span class='ocrx_word' id='word_1_156' title='bbox 469 2935 598 2996; x_wconf 77' lang='lat' dir='ltr'><strong>litterae</strong></span> <span class='ocrx_word' id='word_1_157' title='bbox 628 2953 698 2994; x_wconf 92' lang='lat' dir='ltr'><strong>oum</strong></span> <span class='ocrx_word' id='word_1_158' title='bbox 728 2933 867 3005; x_wconf 84' lang='lat' dir='ltr'><strong>litteris,</strong></span> <span class='ocrx_word' id='word_1_159' title='bbox 890 2952 965 3010; x_wconf 83' lang='lat' dir='ltr'><strong>quas</strong></span> <span class='ocrx_word' id='word_1_160' title='bbox 993 2932 1193 2994; x_wconf 86' lang='lat' dir='ltr'><strong>Lucioncnsis</strong></span> 
     </span>
     <span class='ocr_line' id='line_1_26' title="bbox 233 3027 1194 3104; baseline 0 -19"><span class='ocrx_word' id='word_1_161' title='bbox 233 3027 391 3088; x_wconf 82' lang='lat' dir='ltr'><strong>Dioecesis</strong></span> <span class='ocrx_word' id='word_1_162' title='bbox 413 3029 540 3104; x_wconf 85' lang='lat' dir='ltr'><strong>parochi</strong></span> <span class='ocrx_word' id='word_1_163' title='bbox 562 3031 598 3090; x_wconf 86' lang='lat' dir='ltr'><strong>ad</strong></span> <span class='ocrx_word' id='word_1_164' title='bbox 623 3033 655 3088; x_wconf 90' lang='lat' dir='ltr'><strong>tc</strong></span> <span class='ocrx_word' id='word_1_165' title='bbox 677 3027 933 3088; x_wconf 83' lang='lat' dir='ltr'><strong>transmiserunt.</strong></span> <span class='ocrx_word' id='word_1_166' title='bbox 957 3030 1004 3088; x_wconf 83' lang='lat' dir='ltr'><strong>Ex</strong></span> <span class='ocrx_word' id='word_1_167' title='bbox 1027 3028 1075 3086; x_wconf 87' lang='lat' dir='ltr'><strong>his</strong></span> <span class='ocrx_word' id='word_1_168' title='bbox 1094 3029 1194 3086; x_wconf 90' lang='lat' dir='ltr'><strong>inore·</strong></span> 
     </span>
     <span class='ocr_line' id='line_1_27' title="bbox 234 3120 1232 3198; baseline 0.001 -19"><span class='ocrx_word' id='word_1_169' title='bbox 234 3120 331 3180; x_wconf 86' lang='lat' dir='ltr'><strong>dibile</strong></span> <span class='ocrx_word' id='word_1_170' title='bbox 359 3120 445 3181; x_wconf 87' lang='lat' dir='ltr'><strong>dictu</strong></span> <span class='ocrx_word' id='word_1_171' title='bbox 472 3126 522 3182; x_wconf 88' lang='lat' dir='ltr'><strong>est</strong></span> <span class='ocrx_word' id='word_1_172' title='bbox 551 3127 667 3198; x_wconf 85' lang='lat' dir='ltr'><strong>quanto</strong></span> <span class='ocrx_word' id='word_1_173' title='bbox 696 3122 855 3182; x_wconf 80' lang='lat' dir='ltr'><strong>Sanctitas</strong></span> <span class='ocrx_word' id='word_1_174' title='bbox 882 3121 945 3181; x_wconf 82' lang='lat' dir='ltr'><strong>Suc</strong></span> <span class='ocrx_word' id='word_1_175' title='bbox 966 3123 1195 3198; x_wconf 83' lang='lat' dir='ltr'><strong>superabunde·</strong></span> <span class='ocrx_word' id='word_1_176' title='bbox 1231 3121 1232 3138; x_wconf 65' lang='lat'>¹</span> 
     </span>
     <span class='ocr_line' id='line_1_28' title="bbox 235 3212 1192 3290; baseline -0.003 -19"><span class='ocrx_word' id='word_1_177' title='bbox 235 3213 320 3273; x_wconf 87' lang='lat' dir='ltr'><strong>verit</strong></span> <span class='ocrx_word' id='word_1_178' title='bbox 331 3215 443 3290; x_wconf 85' lang='lat' dir='ltr'><strong>gaudio</strong></span> <span class='ocrx_word' id='word_1_179' title='bbox 458 3215 491 3273; x_wconf 90' lang='lat' dir='ltr'><strong>in</strong></span> <span class='ocrx_word' id='word_1_180' title='bbox 507 3215 590 3273; x_wconf 91' lang='lat' dir='ltr'><strong>omni</strong></span> <span class='ocrx_word' id='word_1_181' title='bbox 602 3213 810 3274; x_wconf 87' lang='lat' dir='ltr'><strong>tribulatione</strong></span> <span class='ocrx_word' id='word_1_182' title='bbox 831 3214 970 3273; x_wconf 86' lang='lat' dir='ltr'><strong>fidelium</strong></span> <span class='ocrx_word' id='word_1_183' title='bbox 991 3212 1192 3275; x_wconf 86' lang='lat' dir='ltr'><strong>Lucionensis</strong></span> 
     </span>
     <span class='ocr_line' id='line_1_29' title="bbox 233 3304 1193 3380; baseline 0 -16"><span class='ocrx_word' id='word_1_184' title='bbox 233 3304 396 3380; x_wconf 86' lang='lat' dir='ltr'><strong>dioecesis,</strong></span> <span class='ocrx_word' id='word_1_185' title='bbox 419 3306 548 3367; x_wconf 88' lang='lat' dir='ltr'><strong>audieus</strong></span> <span class='ocrx_word' id='word_1_186' title='bbox 569 3323 677 3365; x_wconf 87' lang='lat' dir='ltr'><strong>eorum</strong></span> <span class='ocrx_word' id='word_1_187' title='bbox 700 3306 794 3365; x_wconf 86' lang='lat' dir='ltr'><strong>fidem</strong></span> <span class='ocrx_word' id='word_1_188' title='bbox 816 3323 851 3365; x_wconf 82' lang='lat' dir='ltr'><strong>ac</strong></span> <span class='ocrx_word' id='word_1_189' title='bbox 873 3306 1012 3365; x_wconf 91' lang='lat' dir='ltr'><strong>studium</strong></span> <span class='ocrx_word' id='word_1_190' title='bbox 1034 3305 1065 3363; x_wconf 93' lang='lat' dir='ltr'><strong>in</strong></span> <span class='ocrx_word' id='word_1_191' title='bbox 1087 3307 1193 3368; x_wconf 82' lang='lat' dir='ltr'><strong>catho-</strong></span> 
     </span>
     <span class='ocr_line' id='line_1_30' title="bbox 233 3397 1192 3477; baseline 0 -20"><span class='ocrx_word' id='word_1_192' title='bbox 233 3397 295 3458; x_wconf 84' lang='lat' dir='ltr'><strong>lioa</strong></span> <span class='ocrx_word' id='word_1_193' title='bbox 309 3399 476 3477; x_wconf 85' lang='lat' dir='ltr'><strong>Religione</strong></span> <span class='ocrx_word' id='word_1_194' title='bbox 488 3401 617 3472; x_wconf 85' lang='lat' dir='ltr'><strong>tuenda,</strong></span> <span class='ocrx_word' id='word_1_195' title='bbox 634 3418 763 3460; x_wconf 87' lang='lat' dir='ltr'><strong>necnon</strong></span> <span class='ocrx_word' id='word_1_196' title='bbox 786 3399 972 3477; x_wconf 81' lang='lat' dir='ltr'><strong>patientiam</strong></span> <span class='ocrx_word' id='word_1_197' title='bbox 987 3401 1019 3459; x_wconf 90' lang='lat' dir='ltr'><strong>in</strong></span> <span class='ocrx_word' id='word_1_198' title='bbox 1035 3400 1192 3477; x_wconf 88' lang='lat' dir='ltr'><strong>perferen-</strong></span> 
     </span>
     <span class='ocr_line' id='line_1_31' title="bbox 231 3489 1231 3571; baseline -0.001 -22"><span class='ocrx_word' id='word_1_199' title='bbox 231 3491 282 3552; x_wconf 87' lang='lat' dir='ltr'><strong>dis</strong></span> <span class='ocrx_word' id='word_1_200' title='bbox 304 3493 407 3567; x_wconf 85' lang='lat' dir='ltr'><strong>melis,</strong></span> <span class='ocrx_word' id='word_1_201' title='bbox 423 3491 535 3570; x_wconf 91' lang='lat' dir='ltr'><strong>quibus</strong></span> <span class='ocrx_word' id='word_1_202' title='bbox 557 3493 800 3553; x_wconf 88' lang='lat' dir='ltr'><strong>luctuosissimis</strong></span> <span class='ocrx_word' id='word_1_203' title='bbox 821 3493 906 3552; x_wconf 86' lang='lat' dir='ltr'><strong>hisce</strong></span> <span class='ocrx_word' id='word_1_204' title='bbox 928 3493 1122 3571; x_wconf 80' lang='lat' dir='ltr'><strong>temporibus</strong></span> <span class='ocrx_word' id='word_1_205' title='bbox 1137 3489 1192 3571; x_wconf 90' lang='lat' dir='ltr'><strong>ipsi</strong></span> <span class='ocrx_word' id='word_1_206' title='bbox 1230 3511 1231 3514; x_wconf 43' lang='lat'>¹</span> 
     </span>
    </p>
   </div>
   <div class='ocr_carea' id='block_1_6' title="bbox 0 0 1248 4204">
    <p class='ocr_par' dir='ltr' id='par_1_8' title="bbox 0 0 1248 4204">
     <span class='ocr_line' id='line_1_32' title="bbox 0 0 1248 4204; baseline 0 1"><span class='ocrx_word' id='word_1_207' title='bbox 0 0 1248 4204; x_wconf 95' lang='lat' dir='ltr'><strong> </strong></span> 
     </span>
    </p>
   </div>
  </div>
 </body>
</html>
