2424 4196
246 351 341 412 sima.
358 355 405 413 Ea
424 353 590 431 praecipue
612 357 809 418 coufirmasti
829 358 953 424 litteris
974 359 1037 423 tuis
1058 358 1104 418 die
1123 357 1184 416 vioe

253 447 331 508 sima
360 447 462 524 prima
484 449 605 525 Aprilis
633 451 738 523 datis,
768 453 799 510 in
828 451 940 528 quibus
970 451 1070 510 defers
1090 453 1122 510 ad
1139 451 1184 510 Nos

254 557 383 618 gravem
413 541 505 601 unius
525 561 543 600 e
565 548 622 602 tua
640 544 773 604 dioecesi
795 545 1009 606 Ecclesiastici
1035 563 1147 614 cusum,
1164 543 1184 600 iu

252 652 314 710 quo
334 638 377 706 te,
393 635 476 695 utin
491 637 607 696 ceteris
625 638 791 709 similibus,
806 639 928 697 nonnisi
944 656 983 697 ex
997 641 1111 700 Nostra
1123 654 1186 713 pras·

250 727 425 804 vsuscriptione
446 727 621 804 iudicioque
642 734 785 789 acturum
812 731 986 806 profiteris.
1003 732 1140 791 [sautem
1149 746 1184 788 ou·

253 839 306 881 aus
327 825 383 886 est¹
398 821 589 881 huiusmodi.

313 915 450 975 Aloisius
469 917 589 976 Linder
608 919 701 977 antea
721 919 753 976 in
777 921 831 977 tuo
853 917 1030 978 Seminario
1059 918 1183 983 alumnus,

254 1009 398 1084 deinceps
423 1009 647 1069 nonnullorum
671 1011 831 1070 fautorum
845 1011 1098 1088 asseclarumquo
1110 1008 1184 1068 ciuilis

205 1109 206 1114 ’
252 1103 285 1161 iu
305 1101 414 1163 Gallia
435 1103 670 1163 constitutionis
692 1105 771 1164 cleri
793 1105 929 1164 artificio
946 1106 1102 1177 illectus,
1122 1122 1146 1162 se
1163 1102 1183 1158 iu

251 1195 484 1272 argentinense
508 1196 718 1274 Seminarium
743 1197 933 1270 transtulit,
957 1197 1063 1275 ibique
1084 1198 1185 1256 aBrou·

254 1291 310 1348 dar
331 1289 453 1348 intruso
475 1289 508 1346 in
529 1307 596 1348 eam
625 1291 795 1352 Ecclesiam
818 1291 968 1367 Episcopo
994 1293 1031 1349 ad
1064 1295 1124 1350 trus
1145 1284 1184 1344 luit

253 1399 356 1442 sacros
379 1382 504 1441 ordines
526 1390 700 1460 promotuS,
713 1391 807 1461 atque
822 1402 861 1444 et
876 1384 1014 1444 eiusdem
1034 1381 1141 1443 intrusi
1151 1395 1185 1436 vo

253 1469 379 1546 luntate
400 1475 575 1533 animarum
594 1493 704 1550 curam
727 1477 759 1535 iu
783 1477 881 1537 variis
896 1478 1057 1554 Spirensis
1072 1470 1184 1536 dioecesis

252 1567 331 1627 locis
354 1568 508 1628 exercuit.
525 1570 625 1628 Porro
648 1565 795 1629 reversus
818 1570 849 1628 in
874 1588 939 1644 cor,
955 1570 1041 1646 fugit
1063 1589 1080 1629 e
1100 1565 1185 1632 subu

253 1679 345 1738 sequa
364 1661 396 1719 iu
412 1659 582 1736 pristinum
594 1662 740 1737 Spirense
752 1663 963 1723 Seminarium
985 1659 1136 1740 recipiens
1146 1660 1184 1717 iau

253 1753 447 1826 enixissime,
471 1760 507 1813 ut
528 1754 651 1828 scribis,
677 1755 766 1831 cupit
786 1756 949 1815 conciliari
964 1755 1120 1815 Ecclesiae
1132 1757 1156 1810 ot
1165 1749 1184 1806 iu

253 1849 339 1908 clero
368 1864 505 1907 manere.
529 1848 612 1920 ldem
637 1867 729 1933 nunc,
753 1854 790 1908 ut
809 1849 868 1920 ait,
895 1849 1023 1908 dubitat
1045 1852 1082 1908 de
1103 1840 1184 1906 intrusi

253 1943 389 2002 Brendel
411 1943 585 2019 potestate,
608 1962 626 2003 a
647 1961 708 2019 quo
726 1961 836 2019 nempe
857 1961 963 2002 sacros
985 1942 1121 2019 suscepit
1132 1934 1186 1998 ordi·

253 2053 318 2108 nes,
335 2051 468 2110 suaeque
483 2033 688 2094 dubitationis
703 2053 826 2094 causam
851 2035 969 2111 repetit
983 2054 1003 2094 a
1018 2037 1185 2117 praesumpto¹

250 2127 437 2188 intentionis
469 2126 592 2185 defectu
621 2127 738 2187 intrusi
764 2127 954 2187 parisiensis
978 2124 1185 2204 Archiepisoop¹

253 2221 363 2292 Gobel,
376 2223 469 2279 autea
482 2221 671 2280 Basileeusis
686 2221 894 2298 Suffragauei,
917 2241 935 2281 a
957 2239 1017 2299 quo
1040 2222 1106 2300 ipse
1120 2222 1187 2280 Boou·

254 2313 306 2372 del
321 2316 520 2380 consecratus
535 2312 567 2370 iu
582 2311 768 2391 Episcopum
792 2317 874 2388 erat,
890 2333 958 2374 curn
974 2317 1037 2375 iam
1054 2317 1186 2391 vulgatum

254 2411 423 2482 notumque
446 2407 501 2479 sit,
522 2425 592 2466 eum
615 2409 716 2484 ipsum
734 2409 832 2468 Gobcl
855 2409 1014 2468 abiurasse
1033 2409 1155 2470 Parisiis
1167 2403 1187 2460 ut

253 2501 466 2578 episcopatum
499 2519 586 2559 suum
609 2506 643 2560 et
663 2502 850 2562 catholicam
879 2503 1077 2579 religionem.
1099 2499 1186 2562 Idcirco

252 2595 408 2656 Lindcrus
433 2594 539 2666 timet,
565 2612 602 2653 ne
624 2593 660 2652 in
679 2591 857 2672 peragenda
884 2595 1033 2654 Brendeli
1061 2607 1186 2654 consecra

253 2689 341 2750 tione
367 2695 431 2747 tam
455 2686 593 2748 nefarius
615 2707 650 2749 ac
674 2688 788 2765 impius
811 2688 958 2751 Gobelius
980 2689 1148 2748 necessaria
1164 2680 1185 2740 nd

253 2783 452 2844 validitatem
476 2789 564 2841 actus
585 2782 761 2854 intentione
781 2783 932 2842 caruerit.
952 2784 999 2842 Ad
1021 2781 1186 2842 illiustino

252 2896 319 2939 rem
345 2882 401 2938 tua
425 2877 521 2936 otiam
547 2876 669 2935 accedit
693 2875 863 2949 dubitatio,
884 2877 963 2936 Ven.
981 2877 1185 2950 nonunquam

252 2973 338 3032 hisce
357 2971 487 3048 exponis
509 2969 627 3029 verbis:
644 2972 785 3046 «ltaque
808 2989 867 3030 non
891 2971 1002 3029 videor
1023 2970 1100 3029 mihi
1114 2971 1186 3028 inu·

252 3084 326 3127 num
348 3066 511 3139 dubitare,
536 3082 609 3124 num
631 3064 659 3124 is
681 3066 723 3141 (id
747 3061 796 3124 est
818 3064 978 3143 Gobelius)
1000 3057 1121 3142 quando
1138 3055 1186 3133 Epi·

253 3179 359 3238 soopos
382 3160 564 3232 ordinaret,
591 3177 628 3219 ea
649 3155 896 3230 observaverit,
918 3177 996 3234 quae
1024 3150 1186 3217 observando

253 3253 429 3314 necessario
445 3253 588 3325 veniunt,
602 3257 635 3313 et
653 3271 691 3312 au
708 3251 814 3312 valide
829 3252 967 3312 ordinati
982 3252 1048 3310 siut
1069 3239 1185 3326 Episcopi

251 3346 291 3406 ab
312 3365 349 3406 eo
369 3345 588 3408 consecrati.»

313 3441 379 3498 Duo
399 3440 459 3498 iam
487 3443 562 3500 sunt
588 3457 666 3516 quae
687 3438 785 3502 Nobis
807 3439 1032 3499 consideranda
1059 3428 1185 3514 proponit·

252 3530 395 3592 Primum
421 3533 609 3609 gravissima
632 3531 765 3594 Linderi
787 3530 916 3605 delicta,
938 3532 1018 3610 quod
1039 3516 1186 3604 ucmpo⁸d
