2424 4196
12 323 131 382 rembris
163 323 237 384 anni
255 323 335 384 1790
349 320 395 398 (1)
408 343 416 395 ;
429 325 463 382 et
476 323 631 382 dederuut
645 321 740 392 illud,
757 324 881 383 emissis
895 303 964 382 inm

14 417 156 490 prioribus
176 415 315 475 Litteris
337 417 393 476 SS.
419 419 454 476 D.
478 417 518 476 N.
545 416 580 474 P.
606 415 784 475 monitoriis
811 416 867 474 sub
889 417 965 477 dala

18 507 45 564 13
63 508 169 584 aprilis
193 509 282 569 1791.
308 509 480 569 Subiacent
504 524 715 568 ascensurae
741 525 797 585 per
818 507 874 568 bas
895 508 965 570 Lit-

16 603 80 662 tsras
98 601 210 662 latael

57 695 225 758 Dubitandi
247 713 358 758 causae
371 716 426 758 eae
442 703 526 758 sunt:
546 698 574 757 1.
584 697 743 774 praelatas
757 696 900 758 Litteras
911 714 964 756 coa

12 787 93 848 alum
108 789 207 850 ferire
219 808 351 851 censura
362 792 413 868 qui
430 789 597 852 antediem
614 790 861 863 demolitorum,
876 809 964 867 prae·

11 881 112 942 dictum
136 886 207 944 iam
234 887 411 944 emiserunt
440 884 664 944 iuramentum.
687 885 847 960 Quotquot
867 887 963 958 suut,

10 974 165 1053 inquiunt,
187 978 240 1054 qui
261 978 396 1038 ciricum
420 979 631 1039 iuramentum
662 996 739 1056 pure
761 983 794 1038 et
815 977 966 1054 simplici·

11 1075 126 1132 tereto.
153 1074 329 1132 amiserunt
350 1079 411 1134 etc.
435 1075 532 1148 (haec
554 1072 618 1132 alia
641 1073 759 1144 verba,
782 1075 833 1132 cel
853 1075 966 1134 emise-

10 1165 85 1236 rint,
108 1164 202 1225 litem
224 1182 369 1238 omnem,
391 1165 418 1225 ai
441 1167 575 1225 luissent
602 1164 733 1237 addita,
755 1164 963 1241 solvissent):

10 1273 66 1316 nam
86 1276 240 1318 censurae
262 1260 379 1320 cadunt
393 1259 424 1318 in
448 1276 600 1336 personas
622 1277 680 1317 non
704 1257 878 1318 indelicta:
896 1258 966 1318 ideo

9 1366 146 1426 personae
163 1351 195 1410 in
219 1357 308 1412 textu
340 1352 431 1430 legis,
447 1353 533 1413 clare
555 1358 588 1411 et
610 1351 817 1413 determinate
839 1351 896 1410 snb
916 1368 966 1410 re·

11 1451 103 1522 spectu
126 1447 259 1524 proprio
273 1448 483 1524 designandae
498 1450 585 1518 sunt3
600 1451 634 1506 et
649 1447 680 1506 in
697 1449 783 1507 dicta
802 1445 871 1524 lege
886 1445 967 1506 desi·

11 1547 136 1616 guantur
168 1559 318 1618 personae
349 1547 471 1603 lautum
501 1542 675 1618 culpabiles
696 1546 790 1614 ante,
814 1559 873 1600 non
895 1543 967 1616 post

10 1639 116 1710 tempus
128 1653 191 1712 quo
207 1634 259 1694 lex
278 1636 345 1695 lata
358 1635 431 1695 l'uit.
448 1637 479 1696 2.
497 1637 530 1695 lu
547 1635 743 1712 poenalibus,
758 1640 794 1696 ut
808 1638 883 1694 sunt
895 1651 969 1692 cen·

8 1741 97 1800 surae,
120 1728 240 1788 stricta
260 1729 354 1788 debet
369 1729 594 1805 interpretatio
616 1728 698 1800 llari,
716 1747 771 1788 nec
792 1728 831 1790 ab
850 1745 912 1786 nno
926 1727 965 1786 ad

8 1821 82 1881 aliud
105 1823 196 1882 valet
216 1821 330 1882 illatio:
349 1825 427 1882 unde
450 1823 493 1896 ii,
515 1824 567 1900 qni
590 1829 662 1900 post
675 1826 781 1884 datam
803 1822 958 1882 dictarum

8 1913 179 1974 litterarum
209 1915 422 1990 praelatarum
451 1916 626 1975 emiserunt
648 1916 872 1986 iuramentum,
888 1915 962 1974 sub·

7 2005 96 2068 iacere
119 2025 183 2068 nou
207 2008 358 2068 videntur
385 2009 448 2085 legi
471 2011 623 2071 adversus
647 2008 821 2086 culpabiles
852 2006 959 2067 delicti

8 2102 168 2176 praeteriti
189 2101 286 2171 latae,
305 2119 364 2160 non
387 2106 498 2162 contra
518 2102 629 2162 luturi.

58 2197 302 2256 sacerdotes
330 2195 387 2254 sub
410 2197 483 2256 data
504 2194 567 2254 diei
598 2195 635 2254 13
663 2194 776 2272 aprilis
798 2194 873 2255 1791
897 2194 959 2256 iam

8 2288 130 2350 civicum
139 2289 250 2350 ‘verbis
260 2289 429 2349 ediderunt
441 2291 651 2378 iuramentum
663 2307 730 2348 cum
745 2287 896 2349 clausulis
910 2306 966 2365 op·

8 2383 163 2456 portunis3
178 2384 213 2441 at
235 2384 344 2460 postea
365 2381 459 2442 lactis
480 2381 695 2459 impleverunt
715 2383 794 2458 quod
817 2389 963 2442 exactum

9 2475 102 2538 luerat
124 2493 203 2553 puro
225 2481 258 2534 et
280 2475 417 2551 simplici
439 2476 633 2546 iuramento,
650 2476 773 2536 scilicet
793 2476 967 2536 adhaeren-

10 2573 48 2630 tes
61 2571 211 2633 Prnelato
226 2571 372 2644 intruso,
388 2570 477 2632 illius
492 2571 680 2647 recipientes
695 2571 855 2642 mandata,
870 2573 969 2647 atquo

9 2661 256 2742 dispensationes,
275 2667 308 2724 at
329 2664 496 2725 offerentes
510 2665 539 2723 ei
555 2665 705 2741 parrulos
720 2681 776 2741 pro
791 2664 964 2740 suscipien-

9 2757 41 2816 do
59 2759 95 2818 ab
115 2777 152 2818 eo
173 2757 424 2818 confirmationis
450 2759 655 2818 Sacruruento
677 2762 738 2817 eto.
763 2758 866 2828 Haec,
888 2763 963 2820 actu

11 2865 69 2908 curn
89 2852 155 2912 sint
175 2852 355 2929 posteriora
376 2853 468 2912 datae
490 2851 674 2910 litterarum
697 2850 963 2927 apostolicarum,

13 2943 128 3004 dubium
149 2945 236 3006 aliud
259 2945 432 3018 incutiunt3
450 2947 556 3006 utrum
578 2943 731 3006 videlicet
751 2944 782 3004 bi
796 2942 970 3018 Presbyte-

9 3039 32 3095 ri
51 3043 233 3102 subiaceant
253 3057 403 3102 censurae
420 3043 571 3100 adversus
591 3059 644 3100 eos
666 3046 790 3100 tantum
813 3039 897 3098 latae
912 3039 966 3114 qui

10 3139 74 3194 ante
89 3136 166 3196 bano
181 3135 346 3211 epocham,
364 3153 442 3213 pura
456 3143 491 3195 et
505 3133 695 3211 simpliciter
717 3131 853 3192 civicum
874 3131 970 3192 remi·

11 3231 111 3288 serunt
130 3229 356 3288 iuramentum.

61 3321 92 3380 3.
108 3321 294 3400 Presbyteri
316 3321 526 3381 iuramentum
551 3337 665 3380 novum
688 3319 853 3392 dederunt,
868 3315 974 3396 impa-

65 3523 172 3582 (11111.
189 3527 251 3574 ton.
268 3528 289 3574 1.
308 3526 336 3574 lu
351 3523 466 3585 appono.
483 3535 541 3584 pat.
558 3525 615 3574 415.
