2506 4198
431 225 607 285 -193-

54 353 82 395 oc
96 335 304 394 constantiam
319 333 576 412 praeferentibus,
592 340 795 411 moerentem,
811 355 847 396 ac
861 337 1004 414 pavitan-

55 431 104 486 tem
125 444 254 504 gregem
276 445 364 487 suum
387 431 436 487 est
456 429 643 488 consolatus:
667 431 795 490 «Multi
816 431 928 490 fluctus
948 448 1004 490 ur·

53 523 115 595 gent
133 520 218 592 Nos,
242 536 416 595 gravesque
437 513 610 597 procella03
634 524 768 582 sednon
794 523 939 582 timemus
965 543 1002 582 ue

53 613 292 690 submergamur,
306 630 375 671 nam
390 612 421 670 in
436 615 529 688 petra
538 615 749 675 consistimus
765 617 893 676 Saeviet
903 635 1000 690 mare,

52 712 159 782 petram
181 705 355 765 dissolvere
377 705 495 783 nequit.
519 710 689 786 Insurgant
709 709 834 782 fluctus,
857 712 926 769 Iesu
950 729 1004 770 na-

52 800 159 877 vigium
171 803 433 875 demergereuon
448 803 587 874 possunt.
602 801 681 868 Quid
696 820 809 877 quaeso
825 803 1003 864 timeamus?

50 895 173 954 Mortem
191 893 244 952 uel
259 893 346 952 Mihi
360 896 469 952 viuere
483 890 631 954 Christus
644 903 700 966 est,
717 903 748 954 et
761 899 845 955 mori
864 900 1000 958 lucrum.

50 989 89 1045 Au
109 988 255 1059 exilium,
278 986 327 1045 dic
347 987 439 1046 mihil
453 987 586 1046 Domini
607 996 652 1046 est
673 996 772 1060 terra,
789 997 821 1048 et
831 993 1002 1066 plenitudo

49 1083 116 1140 eius.
131 1087 182 1142 An
199 1080 387 1140 facultatum
410 1081 651 1156 publicationes?
671 1082 761 1158 Nihil
783 1082 946 1144 intulimus
968 1087 1001 1145 iu

48 1175 119 1233 huuc
139 1175 303 1248 muudum,
319 1181 499 1252 certumque
520 1181 569 1234 est
590 1194 645 1234 nos
667 1177 748 1235 nihil
769 1173 1000 1255 efferrc'posse3

48 1268 348 1344 terribiliaqueeius
369 1268 475 1328 mundi
496 1268 574 1327 mihi
596 1269 754 1346 despectui
776 1274 859 1342 sunt,
874 1272 907 1328 et
921 1272 1002 1331 bona

48 1363 104 1421 risu
124 1364 233 1440 digua.
249 1364 318 1422 Non
334 1366 550 1440 paupertatem
572 1363 680 1435 timeo,
700 1381 758 1421 nou
781 1363 910 1422 divitias
932 1382 1003 1423 con-

48 1457 179 1534 cupisco:
198 1474 257 1514 non
279 1459 409 1515 mortem
431 1459 549 1529 metuo,
566 1474 625 1514 non
649 1455 758 1514 vivere
781 1462 866 1532 opto,
882 1456 941 1516 nisi
963 1459 1001 1517 ad

48 1550 214 1625 profectum
237 1553 390 1609 vestrum.
413 1551 484 1610 Ideo
504 1549 684 1626 praesentia
707 1567 926 1624 commemoro,
949 1570 1003 1613 ro-

48 1659 136 1720 goque
159 1643 349 1704 charitatem
371 1647 523 1718 vestram,
536 1648 572 1704 ut
582 1641 726 1703 fiduciam
747 1643 872 1702 habeat.
887 1644 1002 1705 Nullus

48 1737 152 1814 qnippe
174 1738 240 1797 Nos
269 1754 414 1813 separare
435 1736 564 1814 poterit.
590 1736 678 1802 Quod
699 1735 784 1796 Deos
812 1739 998 1810 contundit,

49 1830 130 1890 bomo
159 1849 229 1890 noco
254 1840 389 1907 separet.
418 1831 452 1890 Si
481 1831 608 1906 nuptias
635 1849 696 1889 uon
724 1831 813 1905 potes
839 1829 1000 1904 dirimere,

48 1930 151 1998 quanto
174 1923 278 1983 miuus
292 1925 461 1984 Ecclesiam
476 1924 533 1984 Dei
548 1928 637 2001 potes
653 1923 844 1983 dissolveret
859 1925 916 1982 Sed
933 1942 1001 1983 eam

48 2035 208 2097 oppuguas,
225 2036 294 2078 cum
310 2020 388 2078 nihil
403 2019 502 2097 possis
516 2021 640 2080 laedere
654 2038 737 2093 eum,
753 2037 843 2095 quem
859 2018 998 2094 impetis,

48 2129 146 2170 verum
170 2129 220 2170 mc
241 2111 346 2171 reddis
368 2113 620 2188 splendidiorem,
637 2116 783 2188 tuamque
798 2110 863 2171 vim
882 2129 1001 2200 mecum

47 2207 201 2282 pugnando
223 2204 358 2264 deiicies.
381 2207 497 2266 Durum
521 2223 652 2284 namque
668 2205 727 2266 tibi
741 2209 790 2265 est
811 2207 921 2264 contra
942 2205 1001 2264 sti·

46 2300 154 2358 mulum
176 2302 304 2359 acutum
322 2300 501 2360 calcitrare.
516 2303 584 2362 Nou
600 2300 750 2361 obtundas
765 2298 921 2371 stimulos,
938 2299 999 2357 imo

47 2391 187 2469 sanguine
209 2394 301 2468 pedes
315 2393 446 2466 inficias,
460 2394 708 2470 quandoquidem
728 2395 842 2455 fluctus
864 2413 925 2452 nou
947 2412 1001 2471 pe·

46 2485 119 2544 tram
146 2486 346 2560 dissolvunt,
373 2488 424 2546 sed
453 2487 513 2564 ipsi
541 2487 574 2546 iu
602 2505 739 2564 spumam
771 2487 998 2547 dissolvuntur.

45 2577 123 2638 Nihil
134 2578 276 2639 Ecclesia
290 2580 461 2656 potentius,
476 2600 494 2640 o
509 2582 613 2654 hom03
626 2580 744 2640 bellum
757 2580 844 2640 solve
855 2598 893 2639 ne
904 2581 1001 2640 robur

46 2671 191 2733 dissolvas
212 2676 321 2732 ¹tuum.
343 2675 391 2735 Ne
417 2673 533 2732 inferas
560 2673 646 2731 caelo
674 2673 803 2732 bellum.
827 2673 861 2732 Si
882 2673 1001 2733 homini

46 2761 152 2826 bellum
165 2765 360 2854 inferas,aut
370 2767 487 2841 vinces,
501 2770 556 2826 aut
570 2765 776 2842 superaberis.
791 2765 825 2826 Si
838 2766 1001 2826 ecclesiam

47 2873 206 2938 oppugnes,
229 2859 355 2919 vincere
377 2858 497 2935 nequis3
518 2859 661 2929 omuibus
683 2860 795 2936 quippe
816 2857 931 2918 fortior
952 2862 1001 2918 est

45 2949 127 3012 Deus.
150 2951 209 3011 Aa
234 2955 437 3012 aemulamur
465 2946 671 3010 Dominum?
689 2952 738 3010 An
766 2949 914 3009 fortiores
943 2949 1001 3009 illo

46 3046 156 3104 sumus?
177 3047 260 3106 Deus
281 3043 365 3117 fixit,
388 3048 422 3103 et
441 3043 599 3116 firmavit,
616 3043 686 3118 quis
708 3035 875 3100 concutere
896 3043 1001 3101 tenta·

45 3138 141 3198 verit?
161 3139 232 3200 Non
256 3137 337 3198 nosti
358 3137 511 3197 virtutem
533 3136 621 3195 eiust
641 3133 787 3211 Respicit
812 3127 943 3208 terram,
969 3142 1001 3194 et

47 3230 213 3301 faciteam
235 3238 380 3289 tremere.
404 3230 552 3305 Imperat,
575 3231 608 3288 et
628 3246 707 3304 quae
729 3226 998 3298 concutiebantur,

45 3320 126 3384 firma
142 3323 331 3382 consistunt.
356 3323 391 3382 Si
411 3323 588 3382 concussam
604 3324 712 3382 urbem
729 3320 882 3395 firmavit,
899 3323 999 3382 multo

45 3419 134 3494 magis
144 3416 316 3478 Ecclesiam
331 3417 457 3476 firmare
472 3415 602 3493 poterit.
619 3416 757 3475 Ecclesia
771 3418 820 3475 est
834 3415 900 3492 ipso
912 3415 999 3476 caelo

46 3505 163 3571 lortior.
193 3507 324 3569 Caelum
353 3516 384 3568 et
411 3517 500 3568 terro
530 3510 736 3582 transibunt,
765 3510 862 3571 verba
891 3517 1000 3569 actem

131 3631 191 3680 Vol.
210 3630 253 3680 II.
874 3635 903 3680 18
