2488 4204
610 261 769 319 -32..

163 455 171 470 .
207 383 304 450 serat,
327 377 419 455 quam
444 379 564 439 veritas
588 381 793 456 postulabat,
817 384 944 454 tamen,
968 379 1016 439 uti
1038 380 1181 440 fructuo-

118 537 120 540 ,
208 491 276 533 sum
298 475 492 546 sarmentum
517 474 656 550 gloriosa
677 468 829 552 martyrii
857 473 938 534 falce
960 476 1042 534 Deus
1065 491 1181 550 purga-

190 565 259 627 rvit
279 567 359 642 quod
383 567 488 626 adhuc
510 569 706 645 purgandum
732 571 823 639 erat,
848 570 885 626 ut
906 564 1039 626 totidem
1061 567 1179 642 verbis,

208 659 352 736 pluribus
373 659 405 719 in
427 659 503 719 locis
524 661 625 720 refert
645 664 678 722 S.
695 661 892 739 Augustinus
915 659 980 739 (1).

268 755 336 815 Non
366 753 463 813 aliter
491 753 640 814 instituta
667 755 848 830 quaestione
870 753 902 811 in
925 751 1179 830 Congregatione

208 847 351 920 Rituum,
375 866 449 907 num
470 849 613 908 obstaret
632 849 791 925 martyrio
809 846 935 908 loannis
950 847 987 905 de
1002 845 1111 905 Britto
1126 847 1180 905 So-

209 941 283 1002 ciet.
300 943 381 1014 lesu,
404 943 485 1017 quod
507 944 539 1001 in
561 941 708 1001 missione
730 941 908 1003 Madurensi
930 939 1114 1001 adhibuerit
1128 958 1179 999 ve·

210 1035 286 1095 titos
307 1035 390 1095 ritus
412 1035 570 1108 Sirenses,
586 1055 646 1096 non
662 1037 862 1097 haesitarunt
875 1035 1094 1111 suffragantes
1110 1053 1180 1093 con·
1198 1045 1201 1050 ’

209 1116 319 1188 venire
339 1129 372 1187 in
395 1147 486 1188 sensu
508 1130 669 1207 negativo,
685 1130 807 1190 scilicet
829 1148 887 1188 non
910 1128 1047 1200 obstare,
1064 1145 1105 1186 ex
1119 1145 1176 1203 quo

208 1221 265 1282 Dei
278 1223 396 1282 Servus
411 1240 467 1299 per
482 1223 670 1301 subsequens
690 1223 884 1300 martyrium
906 1221 1058 1298 sanguine
1076 1225 1179 1281 retra·

208 1315 347 1374 ctaverit
368 1334 456 1375 usum
478 1317 617 1393 ipsorum
639 1317 772 1377 rituum:
790 1318 841 1376 sed
858 1316 943 1375 scissi
958 1315 1089 1373 fuerunt
1105 1331 1176 1373 num

208 1407 374 1484 expediret
394 1409 536 1486 prolerre
556 1410 731 1471 favorabile
751 1410 922 1496 decretum,
940 1426 977 1466 ne
992 1409 1176 1483 captaretur

210 1503 330 1561 occasio
345 1503 561 1580 propugnandi
576 1521 731 1564 recessum
747 1503 843 1562 luisse
859 1521 877 1561 a
891 1501 1029 1579 repetita
1042 1500 1176 1578 proscri-
1230 1553 1231 1556 ,

208 1593 315 1670 ptione
337 1597 505 1655 eorundem
527 1596 659 1657 rituum.
683 1599 728 1657 At
747 1596 936 1656 Benedictus
957 1596 1033 1668 XIV
1054 1611 1175 1654 omnem

209 1687 341 1749 sustulit
363 1688 579 1750 difficultatem
594 1689 827 1766 praecipiendo,
843 1707 880 1749 ne
902 1707 941 1748 ex
963 1689 1088 1746 decreto
1108 1705 1175 1764 pro·

208 1781 385 1842 nunciando
407 1781 518 1841 inferri
540 1786 646 1859 posset
666 1782 870 1859 apostolicam
892 1782 1002 1841 Sedem
1030 1781 1175 1840 recedere

208 1875 344 1935 voluisse
372 1894 391 1935 a
418 1875 697 1936 constitutionibus
725 1893 851 1935 suorum
873 1874 1173 1947 Praedecessornm,

208 1967 290 2027 ritus
311 1967 487 2027 antedictos
509 1967 757 2045 prohibentibus
779 1972 813 2028 at
834 1966 963 2026 insimul
987 1965 1174 2042 approbavit

208 2062 467 2121 retractationem
487 2061 630 2123 emissam
644 2081 662 2121 a
677 2081 748 2121 ven.
764 2063 890 2135 Ioanne,
907 2079 967 2120 non
983 2064 1172 2134 atramento,

208 2157 260 2214 sed
283 2154 446 2232 sanguine,
469 2155 662 2214 decernendo
684 2155 856 2232 oppositam
878 2154 1092 2230 exceptionem
1116 2173 1172 2214 non
1229 2173 1230 2188 ¹

208 2249 344 2320 obstare,
367 2248 532 2325 quominus
553 2250 585 2309 in
608 2267 700 2310 causa
722 2268 792 2308 ven.
810 2249 895 2309 servi
913 2248 970 2324 Dei
992 2249 1119 2310 loannis
1139 2249 1174 2308 de

207 2342 315 2402 Britto
330 2342 367 2401 ad
385 2341 540 2402 ulteriora
560 2344 783 2419 procederetur
796 2346 834 2402 ad
850 2341 1073 2401 discussionem
1089 2341 1174 2402 dubii

208 2452 303 2512 super
324 2436 500 2513 martyrio,
523 2438 556 2495 et
576 2455 670 2496 cansa
691 2436 859 2514 martyrii,
883 2455 938 2494 nec
959 2454 1019 2493 uon
1041 2436 1173 2496 alterius

209 2527 295 2588 dubii
321 2529 357 2587 de
383 2529 481 2606 signis
501 2533 536 2590 et
556 2530 737 2604 miraculis,
759 2548 837 2607 quae
859 2529 926 2588 eius
953 2529 1173 2589 intercessione

207 2623 336 2698 patrata
364 2621 530 2696 dicuntur,
555 2626 591 2682 ut
612 2641 652 2682 ex
674 2625 800 2684 decreto
822 2626 897 2682 tunc
925 2622 1010 2696 lato,
1033 2628 1067 2684 et
1088 2627 1173 2704 typis

208 2714 357 2790 evulgato
378 2717 398 2776 2
419 2715 492 2775 lulii
515 2718 603 2777 1741.
621 2718 685 2776 Hoc
704 2718 768 2778 Nos
789 2716 937 2777 instructi
958 2719 1098 2791 decreto,
1122 2721 1173 2780 vel

207 2824 276 2867 ram
300 2824 365 2866 esse
393 2808 544 2885 planeque
573 2811 804 2886 comprobatam
834 2812 998 2870 cernentes
1021 2811 1173 2872 Ludovici
1227 2825 1228 2842 ¹

208 2901 487 2976 retractationem,
514 2903 663 2981 scriptam
686 2907 719 2964 et
739 2906 936 2978 atramento,
966 2906 999 2963 et
1025 2922 1172 2982 generoso

208 2994 275 3055 eius
297 2994 448 3072 sanguiue
469 2995 576 3070 effuse,
600 3015 659 3056 non
681 2996 774 3073 longe
795 2997 969 3057 abeundum
989 2997 1088 3057 Nobis
1108 3018 1172 3060 esse

207 3105 367 3150 censemus
388 3107 407 3149 a
426 3089 589 3149 Benedicti
609 3089 736 3165 iudicio,
753 3109 812 3149 non
834 3091 896 3150 iam
918 3093 954 3150 ut
975 3090 1077 3151 simile
1091 3112 1171 3153 nunc

207 3181 405 3242 efformemus
427 3183 601 3256 decretum,
617 3184 669 3242 sed
685 3183 767 3243 utin
782 3185 899 3245 Nostra
920 3187 1096 3244 constemus
1110 3187 1171 3246 iam
1226 3201 1227 3230 ³

152 3349 153 3354 η
206 3279 373 3352 praecepta
386 3275 482 3336 animi
497 3276 652 3336 sententia
675 3279 711 3336 de
733 3277 888 3356 martyrio
904 3279 989 3354 regis
1004 3280 1170 3355 Ludovici,

270 3425 303 3478 (1)
314 3425 395 3482 Epist.
405 3425 497 3473 XCIII.
510 3423 542 3472 cd
552 3425 669 3473 vincent.
680 3426 805 3484 Rogetist.
818 3440 888 3474 num,
902 3428 941 3474 40.
954 3426 979 3472 et
989 3425 1071 3484 Epist.
1081 3428 1170 3474 cvm.

207 3497 240 3546 ad
249 3501 361 3548 Macrob.
370 3513 439 3546 num.
451 3503 475 3557 9,
487 3502 548 3547 tom.
560 3502 594 3546 11.
607 3512 675 3559 oper.
687 3501 735 3547 col.
747 3503 802 3549 247.
811 3503 836 3548 et
843 3502 897 3558 ³09,
910 3503 936 3548 et
946 3503 1035 3549 contro
1045 3503 1169 3551 Gaudent.

207 3559 519 3628 concussionum.
533 3577 557 3624 e.
570 3577 629 3628 tom.
642 3577 686 3625 ix.
698 3577 746 3626 σοι.
758 3577 812 3626 ou.
824 3577 885 3627 eut.
897 3578 978 3628 rans.
990 3577 1100 3629 manu.
