2488 4204
104 305 197 366 Nunc
218 303 256 364 ad
281 305 399 379 Regem
415 301 610 362 Ludovicum
625 303 838 361 revertamur.
856 297 890 358 si
905 299 1014 376 gravis

49 401 92 458 est
114 394 280 456 Benedicti
301 395 377 456 XIV
398 394 584 462 auctoritas,
606 393 634 453 si
655 392 722 452 cius
749 391 888 470 opinioni
911 391 1013 469 pluri-

48 509 133 552 mum
155 493 205 550 est
228 487 441 561 tribuendum,
463 486 621 564 cumipse
642 487 834 564 propendere
857 503 888 544 se
904 484 938 545 in
954 488 1015 547 Ra·

47 585 140 662 ginae
151 583 313 643 Stwartae
327 580 519 659 martyrium
531 579 753 657 significasset,
765 595 820 640 cur
834 580 898 642 Nos
912 578 1013 639 eidem

47 695 108 738 uon
124 676 375 737 consentiremus
396 693 453 754 pro
475 674 633 753 martyrio
651 673 736 752 regis
749 673 922 736 Ludovicil
937 674 1016 735 (ion-

46 771 139 830 renit
160 769 244 830 enim
273 767 424 840 affectus,
447 769 596 829 convenit
622 765 843 845 propositum,
865 765 1015 827 convenit

48 881 139 923 casus
160 861 326 935 acerbitas,
344 863 424 922 unde
445 862 615 922 convenire
637 861 731 921 debet
745 862 779 921 et
796 859 957 920 meritum.
973 859 1016 920 Et

49 959 119 1034 quis
139 973 285 1033 nmquam
307 956 452 1017 dubitare
467 955 577 1033 possit,
596 954 670 1032 quin
691 955 748 1016 ille
769 971 826 1014 rex
847 953 1013 1032 praecipue

48 1052 261 1127 interemptus
279 1048 379 1110 luerit
400 1049 432 1109 in
454 1049 558 1109 odium
573 1049 658 1122 fidei,
674 1051 707 1108 et
729 1066 767 1108 ex
789 1046 1013 1108 catholicorum

49 1144 232 1220 dogmatum
252 1140 477 1202 insectationel
497 1141 617 1201 Iamdiu
639 1143 721 1212 erat,
743 1157 813 1199 cum
833 1139 1014 1202 Oalvinisni

48 1237 80 1295 in
96 1235 203 1296 Gallia
217 1235 417 1294 orthodoxae
439 1232 587 1312 religioni
602 1232 771 1310 perniciem
786 1232 892 1293 moliri
907 1249 1016 1309 coepe·

49 1333 140 1390 rant:
166 1327 218 1388 sed
240 1327 372 1406 parendi
394 1326 481 1404 prius
503 1327 633 1386 luerunt
654 1324 761 1399 animi,
783 1343 819 1387 ac
840 1324 944 1404 impiis
958 1325 1015 1386 im·

48 1421 164 1502 buendi
178 1419 329 1479 doctrinis
341 1417 461 1496 populi,
475 1436 551 1495 quas
565 1436 604 1478 ex
616 1436 655 1477 eo
667 1423 805 1495 tempore
818 1435 875 1495 per
890 1417 1013 1478 libellos

48 1513 200 1591 perfidiae
222 1531 258 1574 ac
280 1511 445 1572 seditionis
467 1511 666 1589 plenissimos
687 1509 732 1589 (1)
748 1511 780 1570 in
796 1511 911 1588 vulgus
926 1527 1014 1587 sper·

50 1623 125 1684 gere
147 1624 208 1666 non
232 1605 444 1679 desistebant,
466 1623 502 1668 ec
523 1607 562 1665 sd
584 1604 630 1666 sui
652 1603 806 1682 propositi
831 1604 1013 1664 societatem

51 1715 275 1774 perversorum
287 1696 547 1775 Philosophorum
561 1714 688 1775 operam
700 1696 923 1775 adiungebant.
937 1696 1014 1755 Tale

52 1795 180 1868 tamque
201 1789 411 1867 perniciosum
432 1789 604 1868 impietatis
626 1790 785 1850 artificum
802 1788 902 1849 scelus
917 1791 1015 1849 Gene-

55 1883 126 1943 ralis
146 1882 309 1944 Gallioani
330 1882 408 1942 cleri
428 1887 601 1942 conventus
616 1882 690 1943 anni
706 1881 785 1943 1745
806 1881 1015 1959 deprehende·

60 1980 106 2035 rat
124 1975 182 2057 (2).
205 1977 330 2052 Nosque
355 1975 415 2052 ipsi
443 1975 504 2034 iam
533 1976 710 2052 praevisam
738 1993 778 2036 ex
806 1974 1014 2036 Pontificatus

111 2140 147 2196 (1)
164 2135 259 2186 Procis
279 2137 368 2186 verbsl
383 2138 421 2186 dn
435 2137 522 2198 Clerssi
542 2139 607 2188 dens
625 2139 725 2190 l’snnde
744 2141 820 2198 1745,
838 2139 930 2189 stauos
946 2141 1012 2197 LVI,

53 2229 106 2275 ρας.
125 2217 182 2264 106,
199 2217 250 2262 Les
268 2213 348 2262 livres
365 2215 380 2263 t
395 2217 492 2275 l'nsege
508 2215 540 2265 de
554 2217 583 2266 le
598 2219 671 2267 Secta
687 2232 715 2267 se
730 2218 871 2278 rependent
888 2219 947 2278 plns
966 2231 1021 2277 que¹

49 2292 152 2350 lemeis,
171 2303 201 2338 ce
216 2292 282 2338 n’est
296 2291 354 2350 plns
370 2291 532 2341 sourdement
547 2295 573 2340 et
589 2307 621 2340 en
637 2295 759 2352 ceohette,
777 2297 838 2343 c'est
854 2307 904 2342 eux
921 2307 1014 2342 essem-

51 2366 120 2416 bltes
131 2369 210 2426 qn’on
219 2365 258 2413 les
274 2366 405 2427 distribue;
417 2381 450 2416 on
466 2381 499 2416 en
515 2382 531 2416 a
547 2367 630 2417 uenite
645 2383 710 2430 ponr
725 2370 770 2418 des
785 2384 894 2422 sommas
905 2369 1015 2420 considi-

51 2442 134 2490 rsbles
152 2442 168 2488 d
184 2441 251 2488 deux
266 2441 420 2492 assemhltes
436 2447 526 2492 tenues
535 2457 568 2494 en
579 2445 700 2494 vivarais
716 2459 750 2494 au
764 2446 830 2494 mois
839 2445 973 2494 d’Octobre
988 2449 1015 2494 et

51 2517 82 2566 de
96 2518 241 2568 Novembre
257 2518 367 2569 dernier.
384 2523 420 2568 Le
437 2519 595 2570 catechismo
610 2521 772 2570 d’Ostervaid
787 2519 963 2571 recommandt
978 2519 1014 2569 rt-

52 2596 177 2642 cemment
193 2593 258 2642 dens
267 2594 324 2642 leur
334 2595 443 2654 synode,
461 2610 477 2645 s
493 2595 532 2644 eti
547 2596 663 2657 imprime
673 2599 738 2646 cette
749 2597 830 2646 eunte
846 2598 862 2646 i.
877 2599 1012 2646 romense.

112 2673 149 2726 (t)
168 2670 217 2718 cit.
234 2669 325 2718 Proots
344 2672 434 2720 verbsl
452 2686 510 2733 pag.
528 2673 582 2721 110.
600 2677 680 2721 Lenrs
700 2673 851 2722 Prtdicants
870 2677 915 2723 ont
933 2672 1014 2733 mand

52 2745 107 2793 eoin
123 2745 211 2794 deles
227 2747 366 2794 entretenir
381 2746 445 2796 dsns
462 2762 504 2797 oes
519 2748 596 2798 thece.
615 2751 652 2798 Iis
668 2753 741 2798 esent
754 2750 834 2798 meme
850 2750 951 2810 publier
966 2761 1014 2807 qne

54 2821 78 2867 le
94 2823 177 2882 temps
193 2821 224 2868 de
239 2821 330 2870 liberte
345 2826 385 2872 est
403 2837 487 2883 venn;
505 2827 531 2873 et
549 2839 582 2874 on
599 2827 649 2873 seit
664 2826 691 2874 la
706 2825 820 2874 temdritt
840 2828 898 2885 qn’a
913 2839 946 2872 eu
960 2825 1014 2873 l’un

55 2895 148 2945 d'entre
159 2911 210 2946 eux
227 2897 258 2946 de
274 2899 406 2958 iubriqner
424 2899 489 2948 dens
505 2901 530 2948 le
545 2901 679 2961 Danphint
695 2915 731 2950 un
747 2901 799 2950 tdit
815 2902 868 2950 hoe
884 2900 961 2958 suist.
972 2897 1015 2946 'lt

53 2972 140 3021 nerito
157 2973 202 3032 qni
217 2989 234 3022 a
250 2987 282 3021 en
296 2975 386 3023 besoin
404 2973 484 3024 d'etre
502 2975 626 3037 riprlmts
641 2989 689 3036 par
704 2978 731 3026 la
744 2979 819 3026 lettre
836 2976 867 3025 de
886 2975 1015 3024 Monsieur

53 3047 212 3108 d'Arssenson
228 3049 244 3096 i
259 3051 389 3099 Monsienr
403 3051 427 3098 le
443 3053 553 3110 premier
563 3051 695 3101 President
710 3053 745 3100 du
761 3053 905 3101 Parlsment
914 3051 945 3099 de
956 3049 1015 3100 (iri

52 3126 124 3172 nohis
136 3160 143 3174 .
157 3160 163 3172 .
177 3158 203 3173 ..
224 3127 272 3174 ces
288 3123 437 3175 Pridioents
453 3128 498 3186 qni
513 3127 683 3186 dogmatisent
698 3126 871 3188 impnndment
886 3128 951 3175 dans
961 3127 1015 3187 pln-

53 3201 133 3248 sieurs
143 3199 267 3258 dioceses,
286 3203 311 3248 et
327 3200 389 3250 dont
404 3204 429 3250 le
445 3203 549 3251 nombre
559 3205 715 3262 s’sugmente
726 3204 825 3262 deionr
834 3217 867 3252 en
876 3204 944 3261 leur,
955 3207 1014 3252 sont

53 3276 77 3324 ls
91 3278 198 3336 plupart
212 3289 275 3334 gens
290 3289 352 3324 sens
363 3278 444 3335 choix,
456 3291 517 3326 sens
526 3278 669 3340 discipline,
687 3283 713 3328 et
728 3281 772 3339 qui
787 3278 1013 3339 nanquentmsne

54 3349 81 3398 de
95 3353 124 3402 ls
139 3352 248 3400 mirsion
257 3351 358 3411 rtqnim
367 3354 450 3413 parmi
459 3366 508 3402 eux
517 3355 704 3415 pomprecncr:
715 3357 843 3416 plusieurs
859 3359 917 3404 sont
933 3354 1014 3404 tiran-

55 3439 117 3486 ters,
134 3431 162 3475 et
176 3441 225 3488 per
241 3429 266 3476 li
282 3427 362 3476 mime
378 3432 503 3490 suspects.
521 3434 560 3479 Le
574 3432 678 3490 plupart
693 3431 725 3478 de
740 3433 809 3479 leurs
829 3431 944 3482 discours
962 3434 1014 3479 ten·

55 3499 112 3550 dent
132 3504 217 3552 moins
233 3503 250 3550 i
265 3503 375 3564 inspirer
395 3517 445 3552 anx
465 3505 568 3565 penples
585 3506 624 3553 les
640 3503 733 3554 ventes
749 3508 775 3554 et
790 3505 817 3553 la
832 3507 928 3556 morsis
947 3503 1015 3554 chri·
