2426 4192
25 303 50 361 in
67 304 264 379 quaestione,
286 322 355 364 cum
378 305 592 365 moderatores
618 303 677 385 ipsi
698 305 888 382 reipublicae
909 305 970 366 iam

26 397 99 455 unice
120 401 298 475 proponant
317 400 396 458 hanc
417 399 568 460 alteram:
586 396 623 472 je
640 408 781 476 promcts
806 400 929 478 fidelitd
950 417 971 459 a

24 491 49 547 lc
67 487 297 550 constitution:
312 496 345 551 et
365 494 450 552 circa
462 494 540 552 hanc
560 492 727 554 formulam
747 511 786 551 ex
808 492 972 552 transmis-

23 581 57 640 sis
74 583 147 642 mihi
162 584 203 644 ab
226 584 393 644 illustriss.
410 585 626 646 Dominatione
648 589 756 646 vestra
777 586 971 646 documentis

23 675 97 734 rideo
117 678 200 752 quod
231 677 274 737 sit
295 680 464 755 reprobata
491 680 523 737 in
544 677 655 756 Belgio
677 696 696 739 a
721 677 848 738 Domino
870 679 971 739 cardi-

23 768 75 827 nali
103 771 337 848 archiepiscopo
365 771 601 843 Mechliniensi,
628 789 647 830 a
673 771 797 830 domino
829 771 972 848 episcopo

23 861 139 936 lprensi,
155 881 175 922 a
189 865 321 924 Domino
342 865 484 941 episcopo
505 865 772 925 Ruraemundensi
795 868 828 924 et
847 884 866 924 a
888 865 972 924 vica-

24 953 141 1016 riatibus
154 957 394 1034 Antverpiensi‚
412 958 612 1031 rfornacensi,
628 959 661 1018 et
674 959 889 1019 Namurcensi.
907 960 971 1018 Hu-

24 1045 61 1104 ius
79 1048 216 1107 eiusdem
234 1049 389 1125 opinionis
410 1048 498 1110 luere
513 1051 610 1110 etiam
625 1051 719 1110 multi
733 1051 867 1128 episcopi
885 1052 970 1112 Galli

23 1145 238 1200 commorantes
258 1141 290 1200 in
311 1143 461 1212 Bouaria,
487 1142 540 1220 qui
562 1144 806 1204 manifestarunt
825 1162 896 1204 suas
918 1163 970 1220 ra-

24 1229 108 1290 tiones
128 1234 160 1293 in
185 1235 284 1294 variis
303 1235 431 1311 scriptis
452 1236 645 1297 transmissis
659 1239 695 1296 ad
719 1238 881 1297 Dominum
902 1255 971 1298 car-

24 1323 141 1386 dinalem
162 1330 291 1406 Maury.
319 1331 442 1390 Domini
468 1331 641 1391 cardinales
673 1331 815 1407 deputati
842 1332 967 1392 aStae.

24 1417 101 1479 Mem.
124 1423 182 1481 Pio
206 1423 262 1482 Vl.
289 1425 326 1482 ed
349 1441 467 1484 sacram
499 1425 772 1502 congregationem
794 1442 850 1500 pro
876 1425 968 1484 rebus

24 1513 231 1577 ecclesiasticis
252 1517 388 1591 Galliae,
404 1535 598 1595 summopere
613 1518 823 1578 laudaverunt
836 1523 902 1578 tam
917 1519 970 1578 ho-

24 1619 79 1664 rum
98 1628 190 1684 quarn
213 1611 342 1671 illorum
365 1611 576 1687 praelatorum
606 1611 780 1671 doctrinam
801 1616 835 1670 et
854 1612 966 1672 zelum.

25 1699 71 1758 Sed
91 1723 156 1764 cum
180 1708 318 1768 materia
340 1707 382 1768 sit
402 1708 531 1768 maximi
546 1707 708 1781 momenti,
723 1713 757 1768 et
778 1708 892 1768 decisio
914 1710 970 1770 ha·

26 1791 78 1853 beri
94 1817 150 1858 non
168 1802 269 1877 possit
286 1801 346 1859 nisi
361 1819 379 1861 a
393 1807 500 1862 sancta
514 1802 592 1861 Sede
607 1802 798 1878 apostolica,
814 1819 892 1879 quae
905 1801 967 1862 iam

26 1885 116 1962 (iapite
138 1911 195 1953 suo
217 1895 329 1953 orbata
348 1897 416 1968 est,
439 1913 544 1953 omnes
565 1895 659 1954 simul
680 1895 881 1955 crediderunt
902 1913 970 1954 sus-

26 1985 200 2051 pendendum
223 2005 289 2047 esse
305 2004 392 2046 omne
413 2006 518 2048 eorum
542 1988 703 2060 iudicium,
720 1993 753 2047 et
773 1991 970 2048 accesserunt

26 2078 153 2145 prudenti
186 2081 397 2141 reservationi
428 2082 570 2142 factaea
597 2081 787 2158 supradictis
819 2080 969 2157 episeopis

27 2167 109 2248 Belgii
125 2178 310 2237 subiiciendi
325 2196 453 2240 examen
475 2179 608 2239 istarum
624 2179 831 2239 formularum
845 2183 879 2238 et
893 2177 970 2237 alia·

27 2275 79 2322 rum
99 2287 176 2343 quac
198 2289 219 2331 a
240 2270 338 2330 variis
359 2271 432 2330 aliis
453 2271 675 2348 partitionibus
700 2272 824 2333 Galliae
845 2274 970 2349 possent

27 2355 166 2435 substitui,
183 2363 301 2424 iudicio
322 2363 423 2424 futuri
445 2367 577 2426 Romani
598 2366 777 2439 Pontificis‚
799 2366 887 2426 cuius
908 2366 970 2425 ele-

26 2447 105 2509 ctioni
131 2457 254 2516 auxilio
281 2461 314 2517 et
335 2457 452 2517 lumine
484 2459 621 2534 Spiritus
649 2460 746 2519 sancti
778 2463 851 2518 sunt
871 2459 971 2517 inces-

26 2546 115 2604 santer
134 2549 291 2626 occupati.
308 2552 381 2611 Gom
404 2551 559 2628 singulari
573 2553 792 2613 aestimatione
815 2550 970 2612 illustris·

27 2630 105 2694 simae
120 2641 349 2704 Dominetionis
370 2648 495 2705 vestrae
516 2664 555 2704 ex
576 2664 653 2706 vero
674 2646 765 2706 corde
787 2661 895 2703 manus
917 2659 970 2702 ex·

28 2728 141 2793 osculor.

42 2909 52 2966 t
73 2821 308 2889 illustrissimae
328 2831 361 2888 et
382 2830 660 2891 reverendissimae
673 2828 892 2891 dominationis
913 2844 969 2885 ve·

28 2921 39 2962 u
52 2925 98 2972 rae

548 3014 695 3075 Sarritor
715 3029 809 3074 verus

507 3111 544 3170 L.
561 3111 652 3170 Oard.
669 3106 843 3169 Antonelli.

58 3189 192 3261 Venetiis
213 3219 252 3262 ex
274 3203 421 3265 Oonclavi

112 3292 131 3348 7
151 3294 262 3355 Martii
280 3295 368 3356 1800.
