2430 4202
612 239 794 300 ..278-

220 343 442 422 gioneacdde,
452 343 527 421 quid
538 342 596 404 fiet
605 343 643 405 de
654 345 821 420 Pontifice,
830 346 858 406 si
869 345 941 407 riae
951 344 1148 406 committatur.

221 438 533 500 medonensem
552 437 665 515 quibus
691 441 859 518 tegebatur
879 440 992 512 lintea,
1006 443 1038 500 et
1054 455 1150 498 sacrun

222 533 303 594 illud
323 550 447 609 corpus,
462 533 543 610 quod
565 532 622 592 vix
642 533 721 594 satis
741 533 836 611 digne
857 534 927 612 ipsa
946 532 1153 609 Pontificiapc·

221 627 408 687 ludamenta·
425 626 586 703 tegebant,
600 627 700 687 oculis
714 628 892 689 ostenditur
906 627 1053 700 omnium;
1067 645 1100 684 ne
1111 626 1152 684 hoc

222 719 346 798 quidem
368 720 443 780 dato
463 719 577 780 misem
598 720 674 780 Seni
696 725 733 780 ut
752 721 937 781 erubescere
957 721 1075 793 liceret,
1092 719 1152 796 quod

222 815 260 873 ut
273 813 334 873 sibi
354 813 450 874 liceat
470 812 567 873 etiam
581 813 955 891 inhonestissimiquique
977 814 1153 886 bominespu·

223 909 287 969 lam
308 907 482 985 postulant.
498 906 668 973 Quemnam
690 924 744 966 seu
764 908 918 985 Scytham
939 925 995 966 seu
1016 906 1153 966 barbarun

223 1019 283 1060 non
298 1002 510 1060 commoveret
523 998 703 1060 miserabile
723 1000 934 1076 spectaculum
953 998 1154 1076 languentiset

222 1094 399 1155 fatiscentis
419 1094 521 1166 Senis,
543 1092 631 1154 cuius
651 1093 790 1170 corporis
810 1094 975 1154 dimidiam
997 1090 1155 1168 etamplius

222 1181 345 1266 partem
360 1187 429 1248 fusa
449 1204 505 1264 per
525 1189 616 1247 artus
637 1187 744 1248 ulcera
763 1187 1025 1264 depascebantur,
1046 1191 1154 1262 etqucn

222 1280 332 1340 vivere
360 1284 485 1341 tantum
512 1280 552 1341 ab
579 1279 693 1340 invicti
720 1281 857 1357 pectoris
883 1281 1006 1341 difficili
1033 1281 1155 1354 turdoque

223 1374 301 1435 disci
322 1375 466 1436 anhelitu
480 1374 625 1451 poterell
637 1376 721 1452 Ergo
733 1373 989 1436 collacrimantes
1011 1371 1112 1434 medici
1122 1371 1156 1430 iu·

222 1483 307 1541 rare,
322 1467 456 1538 caelum,
472 1471 590 1526 terram
613 1462 727 1528 testati
749 1486 809 1527 non
826 1467 984 1541 desinere,
999 1466 1156 1528 Pontificeu

222 1561 250 1621 si
271 1561 337 1622 loco
358 1562 536 1633 moveatur,
551 1559 676 1619 omnino
697 1560 899 1620 moriturum.
917 1563 1010 1622 Tunc
1031 1560 1158 1621 mileset·
1191 1599 1193 1690 1

223 1653 298 1726 iam,
313 1655 394 1730 quod
413 1654 585 1731 permirum
606 1657 687 1726 erat,
704 1653 791 1714 visus
811 1658 861 1714 est
880 1655 980 1716 fuisse
1000 1656 1156 1720 commotus

221 1749 372 1825 pactaque
393 1749 431 1808 ad
456 1747 521 1808 iter
541 1747 691 1824 pecunia,
714 1748 835 1807 iturum
856 1766 889 1808 se
911 1748 1081 1825 pollicetur
1098 1747 1158 1806 unde
1193 1719 1194 1794 i

222 1841 383 1918 linquendi
405 1841 495 1902 Senis
523 1841 646 1903 veniam
674 1842 873 1919 impetraret.
889 1844 935 1903 At
954 1843 1071 1914 brevi,
1089 1843 1160 1916 capto
1194 1839 1195 1910 l

220 1937 371 2014 pecunia,
394 1955 459 1996 sese
488 1936 608 1996 iturum
635 1940 748 2016 negat:
771 1955 829 1999 sua
855 1937 936 1997 nibil
957 1937 1097 2009 referre,
1115 1949 1161 2010 qua
1195 1959 1196 2036 p

222 2031 307 2090 esset
327 2024 508 2114 valetudine
530 2029 697 2103 Pontifex;
719 2030 899 2103 viventem,
921 2049 961 2092 an
982 2031 1160 2097 morientem,

221 2124 413 2184 efferendum
434 2143 510 2185 esse:
530 2125 561 2184 id
584 2124 645 2184 nisi
667 2124 729 2186 iam
750 2126 950 2197 concedatur,
974 2123 1101 2186 crimini
1118 2121 1163 2182 tri·
1196 2139 1197 2142 ¹

222 2216 332 2278 butum
353 2217 395 2277 iri
409 2216 615 2278 Serenissimo
629 2217 853 2294 Hispaniarum
874 2219 995 2279 Infanti
1011 2218 1162 2280 Fordinan·

223 2311 279 2382 do,
301 2310 332 2369 in
355 2328 444 2386 quem
473 2315 507 2371 et
533 2310 681 2386 populum
702 2311 920 2383 Palmensem,
944 2310 1099 2372 ultionem
1122 2325 1164 2367 nec

222 2400 391 2476 difficilem,
413 2405 447 2462 et
468 2405 610 2480 paratam
632 2405 749 2463 osseo
770 2403 1090 2464 crudelem-hominis
1107 2419 1163 2461 cru·

222 2493 373 2555 delissimi
395 2513 514 2569 vocem,
537 2495 707 2572 siquidem
729 2496 819 2555 homo
833 2496 888 2574 qui
910 2497 1032 2570 emisit,
1048 2496 1163 2558 fuitlbn

222 2588 357 2650 nondum
371 2589 447 2650 satis
468 2588 671 2650 interimendi
683 2589 850 2649 Pontificis
864 2589 1022 2666 cupiditas
1037 2593 1071 2650 et
1083 2588 1164 2649 libido

222 2680 407 2756 constabat,
430 2682 490 2742 nisi
511 2700 585 2742 sono
606 2683 674 2760 ipso
696 2685 751 2742 tuo
772 2683 865 2743 testis
886 2684 1077 2744 accederes?
1094 2683 1165 2743 Nun·

221 2775 326 2837 cietur
346 2776 491 2837 Pontifici
513 2773 617 2856 (quam
639 2777 735 2836 durus
756 2778 790 2836 et
811 2779 948 2836 moestus
969 2777 1028 2837 ille
1050 2774 1164 2837 nuncius

221 2869 322 2950 fuiti)
344 2870 513 2932 nunciatur
533 2859 649 2942 temen',
667 2869 730 2929 vim
744 2871 888 2946 apertam
908 2887 987 2929 esse:
1001 2870 1065 2930 uisi
1086 2869 1166 2930 disco·

221 2964 328 3038 datur,
350 2962 520 3040 prinoipem
543 2961 716 3040 piissimum
738 2963 772 3020 et
792 2961 1082 3039 religiosissimum,
1100 2964 1165 3022 Par·

221 3071 343 3117 menses
362 3055 445 3133 ipsos
465 3058 499 3114 et
519 3053 674 3132 reliquam
695 3071 816 3117 omnem
839 3053 991 3115 ditionem
1012 3056 1046 3115 in
1062 3070 1165 3116 sumno

220 3164 328 3209 rorum
348 3147 485 3209 omnium
506 3165 574 3208 esse
594 3147 787 3209 discrimine.
800 3148 949 3209 Pontifex
970 3149 1025 3226 qui
1047 3148 1109 3208 vim
1123 3143 1165 3205 vel

222 3241 362 3315 uidebat,
385 3242 437 3302 vel
458 3242 616 3318 sperabat,
639 3243 692 3302 vel
714 3243 810 3304 etiam
833 3243 976 3320 optabat,
991 3246 1028 3304 ut
1048 3244 1076 3304 is
1096 3241 1166 3302 eset

220 3334 326 3394 exitus
348 3335 435 3396 vitae
455 3351 546 3411 quem
568 3334 702 3395 maxime
724 3338 866 3412 cuperet;
883 3339 976 3396 vocat
997 3336 1073 3398 fidos
1094 3350 1164 3403 suos,

220 3427 255 3487 et
275 3423 413 3503 (iubeat,
435 3444 475 3487 au
497 3428 601 3504 roget,
623 3425 792 3506 incertum)
820 3428 961 3500 Quaeso,
986 3428 1106 3505 inquit,
1125 3438 1166 3483 me

216 3520 299 3584 binc
321 3521 458 3594 auferte,
481 3527 579 3597 atque
598 3520 768 3581 acutollite.
786 3519 965 3582 Succedunt
985 3538 1090 3584 sacrae
1103 3519 1166 3580 Sar·
