2430 4202
217 299 345 375 luctus,
367 301 436 378 quis
457 319 591 377 moeror,
613 321 693 380 quae
712 305 849 365 tristitia
871 305 916 366 sit
936 305 1071 365 omnium
1090 305 1165 366 ordi·

218 412 304 468 nnm;
327 398 360 455 ct
380 398 499 469 vestra,
515 398 548 455 et
563 397 700 458 omnium
716 415 771 457 ora
785 399 955 474 vultusque
970 399 1163 476 patefaciunt.

218 490 283 566 Ego
303 506 380 548 vcro
401 507 461 566 quo
482 494 699 563 mavortem,
720 491 834 552 Patres
855 492 1063 570 amplissimi,
1085 510 1166 569 quem

219 582 252 641 in
270 583 328 643 hac
350 587 441 644 tanta
465 583 582 644 doloris
611 585 783 647 acerbitate
812 586 1035 646 honestissimo
1061 585 1165 646 iudicio

217 680 325 737 vestro
346 694 416 736 eum
444 695 510 736 esse
531 677 678 738 voluistis
708 680 762 756 qui
790 681 827 739 de
855 679 1012 740 Pontifice
1039 680 1166 739 omnium

218 769 357 831 Maximo
378 770 524 843 dicerem,
540 771 629 830 cuius
650 773 686 830 de
708 772 852 833 laudibus
874 773 1034 833 difficilius
1054 776 1165 832 estnon

219 862 327 925 audire
348 866 414 924 toto
437 866 595 924 terrarum
618 865 691 925 orbe
715 866 768 942 qni
791 885 849 924 non
872 866 994 944 copiose
1015 866 1164 943 loquatur,

220 974 310 1032 qnam
333 957 475 1028 invenire
495 956 549 1033 qui
571 957 654 1034 loqui
679 977 711 1018 sc
732 961 839 1035 speret
867 959 947 1019 satis
975 960 1117 1037 copiose,
1136 975 1165 1017 ac

219 1067 277 1125 pro
299 1049 455 1126 dignitate
477 1048 586 1126 posset
599 1050 659 1108 Sed
681 1050 764 1109 enim
785 1051 912 1124 iudicio,
934 1055 968 1111 et
988 1048 1165 1112 auctoritati

218 1150 345 1205 vestrae
372 1146 542 1223 parendum
570 1146 644 1206 fuit.
673 1147 751 1212 Quid
780 1145 881 1224 igitur
909 1147 1015 1224 potius
1043 1147 1163 1216 facian,

219 1255 310 1315 quarn
331 1255 425 1315 quum
446 1240 525 1316 apud
549 1256 654 1297 omnes
676 1241 811 1312 constet,
832 1257 982 1300 summam
1005 1241 1120 1316 ipsam,
1139 1240 1165 1297 at

220 1330 466 1408 complexionem
498 1331 820 1408 praeclarissimorum
849 1334 987 1393 omnium
1019 1333 1164 1393 virtutum

219 1426 319 1486 inesse
341 1429 487 1503 oportere
502 1424 605 1484 animo
621 1425 704 1498 Viri,
720 1425 771 1502 qui
787 1426 838 1484 diu
858 1445 924 1486 sese
939 1430 977 1488 ad
993 1445 1082 1486 omne
1096 1443 1165 1485 mar-

219 1520 300 1598 tyrii
322 1538 418 1598 genus
438 1519 670 1594 informaverit,
686 1519 860 1597 paraverit,
876 1521 1037 1593 erexerit;
1054 1524 1100 1593 nt,
1115 1537 1164 1578 non

218 1614 341 1691 quidem
362 1616 523 1674 ostendam
544 1613 576 1671 id
598 1616 676 1690 quod
699 1631 787 1672 nemo
808 1613 945 1686 dubitat,
968 1616 1023 1673 sad
1045 1631 1164 1674 comme·

220 1723 350 1779 morem,
364 1711 400 1767 ut
414 1695 538 1783 potero,
554 1707 610 1766 Pio
625 1707 722 1766 Sexto
736 1705 882 1767 Pontifici
898 1707 1026 1784 Optimo
1041 1707 1163 1766 Maximo

220 1803 254 1860 ct
274 1799 578 1877 praestantissimum
600 1802 638 1860 ad
661 1799 888 1859 nobilissimum
902 1799 1098 1877 Martyrium
1111 1797 1163 1857 ani-

221 1909 318 1965 mum,
338 1895 370 1952 et
390 1890 575 1952 nobilissimi
596 1892 748 1970 Martyrii
770 1894 862 1951 decus
883 1911 903 1952 a
923 1893 986 1951 Deo
1007 1892 1103 1953 fnisse
1116 1889 1165 1949 tri·

220 1986 340 2046 butum.

278 2082 323 2141 Ac
344 2099 380 2141 ea
401 2078 546 2158 quidem,
568 2098 645 2156 quae
677 2097 798 2139 omnem
820 2079 973 2156 reliquam
994 2082 1093 2142 animi
1111 2098 1164 2140 ma-

222 2176 415 2255 gnitudinem
436 2174 599 2235 Pontificis
621 2174 834 2246 declarabant,
851 2178 919 2237 tota
939 2176 1018 2234 mihi
1041 2181 1164 2256 praeter·

222 2269 323 2328 cunda
343 2271 448 2328 erunt.
471 2267 584 2327 Fuerit
598 2266 672 2326 Pius
688 2268 847 2328 suavitate
861 2277 994 2342 morum,
1010 2268 1163 2334 facilitate,

221 2360 380 2433 comitate,
404 2361 538 2420 candore
561 2359 725 2431 mirabilis,
743 2360 861 2437 sibique
877 2380 1006 2438 semper
1020 2366 1056 2423 et
1069 2363 1099 2422 in
1113 2361 1164 2437 pri·

221 2455 298 2513 vata
318 2453 456 2526 fortuna,
479 2457 513 2512 et
534 2454 565 2512 in
587 2453 722 2513 culmine
743 2455 896 2513 honorum
917 2458 1068 2516 constans
1088 2460 1118 2515 et
1133 2453 1164 2512 si·

220 2546 328 2620 milis,
350 2566 367 2606 e
391 2548 502 2624 quibus
527 2550 636 2624 pateat
656 2565 768 2624 magno
790 2550 823 2606 ct
843 2548 966 2610 excelso
992 2551 1098 2609 animo
1121 2563 1163 2606 nco
1199 2543 1200 2548 ’

221 2641 386 2720 quidquam
402 2641 546 2714 defuisse,
569 2658 663 2718 quum
684 2641 828 2717 privatus
851 2640 929 2714 fuit,
942 2660 998 2702 nec
1012 2643 1162 2719 quidquam

221 2735 365 2814 imperii,
388 2752 423 2794 ac
445 2734 619 2795 Sacerdotii
644 2734 810 2793 maiestate
834 2734 1013 2794 accessisse.
1036 2735 1161 2796 Laudent

222 2829 318 2888 ctiam
340 2829 372 2888 in
393 2828 529 2906 Imperio
550 2827 605 2888 alii
627 2827 838 2896 clementiam,
854 2825 910 2886 alii
931 2826 1104 2900 iustitiam,
1120 2823 1161 2886 alii
1198 2881 1199 2890 ,

223 2928 437 3003 susceptarum
459 2942 566 2983 rerum
588 2923 757 2995 utilitates,
781 2921 1029 2997 sollicitudines,
1044 2924 1159 2986 labores.

220 3019 442 3084 Commendcnt
462 3017 520 3077 alii
541 3018 688 3077 bonarum
704 3015 840 3075 omnium
855 3016 972 3076 artium
988 3015 1160 3095 patrocinia,

222 3113 424 3172 deductiones
445 3128 608 3188 aquarum,
624 3127 771 3187 agrorum
786 3111 1002 3186 purgationes,
1019 3111 1162 3171 adiumen-

223 3208 256 3265 ta
277 3205 543 3277 commerciorum,
559 3208 592 3263 et
612 3203 679 3263 cius
701 3203 825 3280 generis
840 3203 959 3275 multa3
976 3221 1056 3279 quac
1069 3206 1102 3263 et
1114 3215 1161 3260 ma·

222 3315 283 3376 gna
303 3301 377 3360 sunt
397 3299 464 3376 ipsa
485 3315 541 3374 per
555 3316 633 3372 sese,
655 3301 688 3358 et
709 3301 830 3382 tantam
845 3298 961 3359 habent
976 3298 1045 3376 ipsa
1058 3294 1159 3372 magui·
1196 3343 1197 3346 ,

224 3391 332 3451 tudine
352 3396 390 3452 ad
413 3390 635 3469 perficiendum
651 3391 878 3466 difficultatem,
901 3395 937 3450 nt
958 3403 1158 3469 saepenumero

222 3483 300 3545 satis
320 3502 385 3545 esse
407 3486 518 3546 debeat
541 3485 691 3546 voluisse:
715 3492 808 3562 atque
830 3485 861 3543 iu
883 3502 920 3543 ea
942 3484 1105 3545 voluntate
1122 3480 1157 3538 la·
