2426 4192
609 231 648 243 -
669 201 731 262 205
751 235 790 248 ..

219 303 283 365 n'oi
303 303 574 381 nell’implornrle
594 307 647 366 dal
667 308 754 368 Giolo
775 309 1008 372 l'abbondanra
1027 313 1100 372 delio
1118 314 1153 372 di·

218 397 293 456 rine
319 397 425 474 grania
445 399 483 456 ed
504 400 585 458 sinti
606 399 636 459 le
657 402 759 461 diamo
784 404 1053 468 affettnosamente
1071 407 1099 467 la
1116 427 1155 484 pu·

221 491 313 550 terna
331 492 504 567 apostolica
526 493 739 555 benedizione.

279 586 394 643 Datum
409 585 621 646 Florentiae'
612 607 645 645 ιιι
664 589 817 649 coenobio
830 592 1103 653 Cartbnsianornm
1118 593 1154 652 die

216 678 295 736 XVI
321 679 461 739 Ianuarii
487 681 717 752 MDOEXCIX,
746 683 959 744 Pontificatns
985 687 1088 746 Nostri
1114 705 1156 746 an-

221 788 262 830 no
283 774 401 832 XXIV.

518 1013 669 1068 nna-a
689 1020 827 1072 vem·
849 1013 894 1091 (ι)

534 1205 728 1248 mnsam
748 1207 868 1252 mm

570 1369 827 1430 OCTAVIO

458 1535 707 1616 Arctiepimopo
731 1539 947 1601 Nazianzcao

396 1703 431 1778 P
459 1702 477 1778 Ι
502 1704 543 1784 U
570 1703 597 1781 S
655 1705 690 1780 P
716 1706 752 1781 Α
777 1707 812 1782 Ρ
837 1707 874 1784 Α
927 1705 997 1782 VI.

339 1905 427 1962 von.
441 1905 574 1976 ruber,
595 1906 749 1964 Salutem
769 1911 806 1963 ot
824 1906 1063 1975 apostolicam

549 1999 845 2058 Benedictionam.

280 2179 328 2238 Ad
349 2179 498 2238 Nostram
525 2178 671 2254 pervenit
696 2179 862 2250 notitiam,
883 2180 964 2254 quod
986 2181 1023 2238 D.
1040 2177 1158 2242 Pauori·

220 2289 291 2330 cum
313 2270 506 2344 discederet,
529 2274 574 2330 Te
602 2272 827 2348 subrogaverit
851 2273 882 2332 in
909 2271 1010 2332 officio
1040 2273 1161 2346 Vicosge·

222 2363 323 2423 rantis
355 2364 476 2422 Romae
483 2407 493 2436 ,
528 2364 673 2442 illiusque
701 2365 877 2426 districtus.
908 2367 999 2425 Hnnc
1028 2365 1160 2425 delectum

221 2456 428 2533 approbamus
448 2473 505 2533 pro
526 2462 612 2518 certo
633 2459 794 2530 babentes,
810 2460 925 2535 Tapro
939 2462 996 2518 tna
1014 2454 1161 2536 vigilantia
1200 2539 1201 2542 Ἴ

222 2569 258 2611 ao
279 2549 433 2627 sapientia
454 2551 569 2628 optima
590 2552 772 2614 functurum
793 2572 829 2612 eo
850 2571 991 2624 munere,
1014 2554 1092 2630 qnod
1105 2546 1160 2608 Tibi
1200 2561 1201 2614 3

222 2643 254 2704 in
276 2647 341 2705 tam
369 2644 477 2705 arduis
504 2663 612 2705 rerum
643 2647 890 2708 circumstantiis
916 2646 1097 2724 impositum
1113 2642 1158 2700 ost.
1200 2665 1201 2668 ¹

220 2738 318 2801 Nobis
338 2737 466 2816 insuper
486 2757 667 2817 persuasum
688 2745 749 2813 est,
771 2742 902 2801 eundem
923 2742 960 2800 D.
977 2739 1105 2800 Passuri
1114 2751 1159 2794 non

219 2833 361 2894 omisisse
371 2835 485 2892 Tecum
496 2837 687 2910 opportunas
701 2834 930 2894 communicare
942 2833 1158 2894 instructiones.

221 2947 278 3007 pro
292 2927 422 2990 maximi
443 2928 593 2986 momenti
608 2928 743 3005 nogotiis
756 2927 963 3007 capessendis,
975 2930 1010 2988 et
1021 2927 1159 3004 signanter

222 3020 294 3080 Tibi
307 3021 346 3081 ab
360 3037 396 3079 eo
417 3018 618 3080 manifestata
638 3019 734 3079 fuisse
749 3024 838 3082 certa
858 3020 956 3081 animi
968 3018 1077 3080 Nostri
1090 3028 1160 3076 sonsa

218 3113 259 3174 da
279 3114 456 3174 iuramento
477 3114 705 3174 constitutione
727 3134 856 3176 romana
876 3113 1079 3193 praescripto.
1100 3111 1159 3170 cun

222 3225 297 3268 roro
312 3208 457 3284 pluribus
470 3226 511 3267 ex
531 3207 608 3268 locis
623 3208 674 3267 bic
693 3210 872 3270 nuntiatum
888 3209 941 3280 sit,
956 3202 1160 3285 professoribus

222 3301 461 3375 universitatis,
483 3317 562 3378 qnae
588 3305 704 3364 Romae
725 3307 792 3378 est,
814 3301 969 3362 indictum
989 3296 1158 3363 ianiabat,

282 3431 318 3484 (1)
335 3431 405 3486 Quae
422 3431 532 3478 habetur
546 3430 574 3476 in
591 3431 694 3479 Collaot.
712 3433 787 3480 Brev.
800 3431 840 3478 Pii
857 3433 893 3480 VI
908 3431 975 3483 Edit.
992 3425 1157 3480 maurone

219 3517 280 3568 por.
297 3505 353 3554 aba.
