2426 4192
403 221 583 282 ..105-

465 385 528 440 M.

364 487 633 549 FAOULTATES

71 645 259 686 “mmmm
274 645 349 684 rum
366 647 466 686 (imm
482 647 661 683 Dll‘oll'rm'ls
677 645 729 682 m
745 643 932 692 mmmmm,

178 723 295 762 ΕΔΙῦΤΔΙ
321 723 395 762 81018
422 721 614 788 mmmm
638 719 811 766 mmmm,

241 799 425 838 Autronium
441 797 601 836 Romilio&
615 795 762 834 ΟΟῙΙΜΑΙ

179 913 224 984 R.
258 913 297 983 P.
332 915 377 984 D.
409 914 563 983 PETRO
594 911 813 982 GRAVINA

27 1071 169 1151 Arctiap.
193 1074 491 1146 macomariam
518 1074 700 1149 Apostolico
728 1073 772 1132 od
798 1071 975 1144 Helvetios,

277 1168 428 1240 Rhoetea,
458 1167 646 1227 Valetiacus
666 1176 725 1227 etc.

75 1353 151 1414 (lum
165 1354 272 1431 plures
283 1354 458 1415 Galliarum
473 1354 607 1431 episcopi
619 1359 744 1414 sanetae
756 1354 844 1413 Sedis
855 1357 980 1432 aposto·

25 1443 95 1506 liceo
115 1446 363 1508 cummunionem
385 1447 547 1520 habentes,
569 1463 626 1524 pro
648 1465 704 1507 sna
724 1447 876 1524 pastorali
890 1447 979 1508 solli-

25 1540 154 1600 citudine
176 1543 209 1601 et
231 1541 301 1601 fidei
324 1540 498 1600 catholicae
519 1543 613 1617 atque
634 1540 808 1600 animarum
824 1541 900 1614 zelo,
917 1540 979 1618 spi»

27 1633 162 1706 rituales,
184 1635 296 1712 quibus
310 1634 452 1708 Gallicae
467 1634 597 1694 ditionis
617 1636 793 1694 sacerdotes
811 1634 848 1693 ad
871 1637 980 1712 depor-

25 1727 167 1786 tationem
181 1727 212 1785 in
225 1727 367 1804 regiones
382 1727 620 1799 transmarinas,
634 1726 705 1785 fidei
718 1746 809 1788 causa
824 1727 976 1803 damnati,

26 1826 214 1895 promuntur,
239 1821 462 1892 necessitates,
484 1823 518 1880 et
531 1837 621 1896 quam
638 1821 770 1880 multum
793 1822 922 1881 intersit
942 1825 979 1882 ut

25 1913 197 1987 quantocius
218 1911 335 1971 eisdem
357 1912 389 1970 in
412 1911 588 1972 huiusmodi
609 1912 764 1990 angustiis
785 1912 977 1974 auctoritate

24 2007 185 2083 apostolica
206 2006 421 2076 succurratur,
438 2004 630 2064 sanctissimo
645 2007 774 2066 Domino
796 2010 903 2067 nostro
919 2009 976 2068 Pio

23 2102 118 2178 Papae
139 2102 184 2161 VI
205 2099 380 2159 humillime
401 2100 635 2176 exposuisseut;
657 2118 786 2177 cumque
808 2101 847 2160 ab
867 2101 976 2162 eodem

24 2193 50 2253 S.
62 2195 114 2267 N.,
129 2193 183 2270 qui
198 2192 302 2250 ovium
319 2190 377 2250 sibi
392 2191 652 2264 concreditarum‚
669 2195 702 2253 et
723 2197 771 2253 tot
791 2195 978 2270 praesertim

25 2286 244 2347 uenerabilium
266 2285 338 2344 iidei
361 2283 569 2344 confessorum
586 2285 693 2359 saluti,
709 2290 842 2361 paterna
856 2305 978 2366 semper

23 2397 83 2439 eum
105 2380 334 2450 benevolentia,
354 2379 512 2438 charitate
533 2381 567 2439 et
588 2379 800 2440 sollicitudine
815 2381 976 2460 invigilat,

24 2473 220 2532 necessariam
235 2473 272 2531 ad
288 2471 503 2549 praefatorum
517 2472 587 2532 fidei
603 2474 811 2533 confessorum
831 2475 979 2552 spiritua·

23 2564 98 2625 libus
117 2563 355 2626 necessitatibus
376 2565 630 2636 subveniendum,
644 2567 867 2628 auctoritatem
882 2568 979 2630 Nobis

24 2673 73 2733 per
93 2657 219 2719 litteras
233 2657 419 2734 apostolicas
435 2659 484 2717 die
501 2658 635 2719 101unii
649 2677 749 2735 nuper
763 2661 860 2737 elapsi
876 2663 977 2735 datas,

22 2750 270 2810 communicatam
293 2767 359 2809 esse
377 2750 622 2824 intellexissent,
637 2752 800 2828 sequeutia
813 2753 911 2814 Nobis
925 2771 979 2815 ex·

24 2846 155 2917 ponenda
176 2845 346 2915 duxerunt,
370 2841 501 2903 scilicet:
759 2861 762 2866 ·

80 2936 106 2995 1.
129 2937 229 2997 Valde
251 2936 426 2996 verisimile
446 2955 524 3008 esse,
544 2937 607 2996 iore
623 2942 658 2998 nt
673 2939 848 2998 sacerdotes
865 2939 979 3014 depor-

23 3028 91 3101 tati,
102 3047 137 3090 ac
148 3029 364 3106 Rupifortinm
381 3029 483 3108 primo
498 3032 636 3102 deducti,
650 3032 786 3092 subsidia
798 3031 979 3108 spiritualia

23 3121 294 3200 (quantuscumque
311 3124 503 3185 vicariorum
519 3125 712 3202 generalium
727 3125 980 3187 reverendissimi

21 3215 150 3295 episcopi
172 3217 372 3294 Rupelleusis
394 3217 437 3276 ait
459 3217 555 3296 aelus)
577 3238 596 3278 a
616 3217 810 3295 presbyteris
840 3235 896 3294 pro
920 3219 978 3280 hac

23 3308 149 3370 dioecesi
170 3311 351 3388 approbatis
371 3311 526 3383 obtinere,
542 3313 598 3370 aut
618 3313 657 3371 ad
678 3313 807 3370 eandem
830 3327 978 3373 reveren-

22 3400 176 3462 dissimum
192 3403 393 3463 ordinarium
408 3403 639 3481 approbationis
658 3404 872 3480 impetrandae
887 3422 979 3466 causa

22 3511 180 3559 recurrere
201 3497 387 3560 difficillime
403 3498 535 3576 possint:
551 3498 700 3576 expedire
721 3497 822 3576 igitur
843 3500 924 3578 ipsos
945 3500 977 3559 in
