2506 4200
447 229 483 242 ..
508 195 565 256 123
586 227 623 241 .-

44 303 232 378 respondet,
256 305 309 363 sed
332 318 452 362 omnem
473 304 569 363 animi
591 303 639 364 sui
660 303 806 365 fiduciam
827 306 863 363 et
883 303 1014 382 spemin

45 393 202 472 religione
227 399 263 457 et
285 397 452 474 prudentia
473 400 528 459 tua
547 399 692 460 collocet.

96 489 229 550 Romae
251 490 331 549 XIX
353 490 545 566 Septembris
567 491 770 553 Moeoxcv.

526 579 565 643 F.
589 585 629 642 X.
653 581 751 645 card.
775 584 815 644 de
834 583 973 644 Deleda.

444 782 626 840 xxxvl.

384 903 470 945 aava
491 904 687 948 rsosoomo

231 1035 516 1098 FAGULTA'PUM
537 1037 835 1100 OONOESSARUM

441 1188 464 1232 A
481 1186 525 1233 SS.
542 1187 573 1234 D.
590 1187 622 1234 N.

311 1423 313 1430 Ι
361 1317 445 1396 Plo
472 1319 611 1398 ΡΑΡΑ
638 1322 705 1398 vi.

42 1491 331 1573 Arcbiepisoopis,
361 1495 546 1574 episcope,
574 1516 612 1560 aa
635 1499 835 1562 Dioeoesium
859 1498 1015 1558 Admini-

101 1592 309 1650 stratoribus
323 1591 430 1667 Requi
448 1589 649 1664 Galliarum,
666 1609 725 1654 uec
742 1610 809 1654 uon
822 1595 1012 1664 Aoeuioue's,

103 1692 139 1743 et
163 1681 347 1746 Comitatus
372 1686 560 1759 Veuoisini,
584 1686 787 1762 Soboudice,
814 1689 1016 1763 aliorumque

105 1781 268 1851 lacuum,
283 1795 368 1856 quae
384 1783 603 1857 persecutioni
622 1789 700 1840 suut
719 1781 872 1840 obaooia.

103 1977 227 2037 Iisdem
243 1976 519 2054 perseverantibus
533 1975 644 2048 malis,
660 1978 766 2035 eedem
782 1978 857 2036 sunt
870 1973 1017 2035 adhibeo·

48 2070 85 2130 de
105 2071 264 2132 remedia.
282 2070 357 2130 Cum
380 2071 480 2148 igitur
501 2071 532 2128 io
554 2087 651 2146 regno
673 2069 865 2143 (talliarum,
881 2068 1016 2129 Avenie-

48 2181 97 2238 ne,
113 2163 319 2224 incomitata
334 2163 523 2236 Venaisiao,
539 2163 570 2221 in
586 2162 753 2237 Sabaudia,
769 2163 900 2240 aliisque
915 2162 1011 2222 etiam

48 2256 139 2333 locis,
164 2257 217 2316 nbi
241 2256 348 2316 fideles
378 2255 532 2334 legitimis
557 2259 742 2318 Pastoribus
772 2257 1013 2329 destituuntur,

50 2368 102 2412 nec
125 2352 261 2430 possunt
287 2352 401 2427 absque
429 2352 520 2428 gravi
547 2353 726 2413 discrimine
754 2355 788 2412 et
823 2351 1014 2412 incommodo

48 2447 139 2507 adire
162 2449 241 2506 hanc
263 2446 465 2522 apostolicam
488 2447 610 2521 Sedem,
626 2449 799 2526 perdurent
819 2449 919 2508 adhuc
940 2435 1014 2506 illae

50 2537 285 2601 infelicissimae
314 2539 595 2615 circumstantiae,
623 2542 661 2601 ob
688 2559 764 2619 quas
791 2541 1014 2602 Sanctissimae

49 2631 200 2706 Dominus
220 2633 338 2694 Noster
360 2633 511 2709 praefatis
529 2634 782 2711 archiepiscopis,
798 2633 962 2711 episeopis,
979 2651 1014 2693 ac

52 2728 238 2788 dioecesium
260 2727 568 2788 administratoribus
588 2730 703 2803 varias,
726 2746 838 2805 easque
860 2727 1015 2804 amplissi-

52 2837 116 2881 mas
138 2828 171 2882 et
193 2821 466 2881 extraordinarias
493 2822 662 2883 facultates
689 2821 856 2892 concessit,
879 2821 1013 2896 quaein

54 2913 312 2992 subsequentibus
333 2915 469 2974 indultis
495 2915 617 2974 dierum
648 2914 687 2975 10
713 2913 893 2974 Decembris
916 2913 1013 2986 1792,

55 3009 89 3068 16
109 3007 290 3070 Decembris
314 3007 392 3068 1793
412 3011 446 3067 et
469 3008 507 3068 15
527 3007 706 3068 Decembris
729 3007 806 3068 1794
828 3011 1015 3082 prorogatae

54 3102 195 3174 inerunt3
217 3102 324 3160 eadem
346 3101 505 3162 Sanctitas
526 3103 600 3175 Sue,
616 3099 665 3161 cui
681 3100 856 3176 spiritualis
876 3099 1014 3159 fidelium

54 3194 213 3256 Pastorali
235 3193 301 3253 eius
333 3182 426 3256 curae
454 3196 704 3255 concreditorum
728 3194 853 3255 utilitas
882 3211 1016 3254 summo-

55 3305 126 3364 pere
148 3286 235 3347 eordi
258 3287 328 3360 est,
344 3304 413 3346 cnm
435 3287 655 3365 spiritualibus
676 3305 783 3347 eoram
805 3286 1013 3363 indigentiis,

56 3399 88 3442 eo
109 3381 237 3442 meliori
259 3382 348 3440 modo
369 3400 429 3458 quo
451 3382 521 3441 fieri
543 3386 659 3460 potest,
674 3381 851 3442 consultum
872 3399 940 3442 esse
961 3400 1015 3441 ve-

57 3474 107 3550 lit,
121 3493 203 3535 novo
225 3475 283 3534 hoc
296 3475 422 3536 Indulto
443 3475 585 3535 concedit
598 3475 748 3553 praefatis
762 3475 1013 3554 archiepiscopis,
