2426 4192
612 193 794 254 -170-

221 299 329 370 ueant,
347 315 367 356 a
386 297 565 360 iuramenta
579 301 742 378 impietate
764 300 966 370 abhorreant,
981 295 1175 375 apostolicam

220 407 321 467 opem,
337 391 388 450 vel
403 409 472 450 eum
494 393 581 454 vitae
596 412 670 455 snae
691 393 843 470 periculo,
860 390 1078 470 indigentibus
1100 390 1176 448 exbi-

219 483 326 554 beant,
342 482 445 543 omnia
466 487 596 564 denique
618 491 782 564 praestent
803 505 884 563 quae
898 485 1027 564 propria
1050 485 1178 560 pastora-

221 575 261 635 lis
282 575 454 636 ministerii
476 583 550 639 sunt
577 584 611 639 et
636 579 842 640 sacerdotalis
863 576 1054 638 firmitatisi
1076 578 1177 652 Magna

221 672 310 728 certe
331 674 513 747 tempestas,
528 674 566 732 D.
581 675 619 733 F.
636 674 677 735 N.
692 678 737 746 et,
754 677 790 734 ut
811 676 898 733 recte
920 676 956 732 tn
971 689 1096 748 quoque
1117 667 1178 728 scri·

221 764 280 837 bis,
300 783 466 841 numquam
488 767 526 825 ad
548 767 624 826 haee
647 785 742 842 usque
771 771 914 844 tempora
934 769 1006 842 post
1026 764 1175 823 hominen

221 858 402 918 memoriam
423 859 542 933 audita,
566 878 605 918 ex
627 859 800 919 inferorum
824 860 924 937 portis
945 861 1063 917 eontra
1084 854 1177 916 Eccle-

222 949 301 1010 siam
323 957 372 1009 est
392 951 517 1026 emissa,
534 971 645 1013 verum
666 972 736 1013 cum
757 973 795 1015 ea
816 955 860 1014 sit
880 957 971 1014 tanta
992 970 1068 1012 eum
1089 948 1177 1028 gloria

222 1043 300 1115 eins,
318 1047 466 1121 tantaque
481 1064 551 1106 cum
573 1051 683 1107 vestra
698 1047 841 1108 utilitate
855 1047 1037 1118 coniuncta,
1055 1064 1117 1105 non
1133 1061 1176 1103 vos

222 1137 260 1196 ob
282 1142 374 1198 tanta
393 1140 488 1213 mala,
515 1159 593 1217 quae
614 1141 729 1213 fertis,
746 1141 875 1212 dolere,
896 1157 1015 1200 uerum
1038 1140 1080 1198 ob
1102 1143 1176 1199 tanta

223 1233 347 1303 decora,
363 1233 475 1309 quibus
489 1234 612 1312 augetis
633 1235 818 1305 Ecclesiam,
833 1234 949 1294 laetari
967 1233 1105 1294 debetis.
1126 1233 1176 1293 Nos

222 1329 321 1396 certe,
337 1326 478 1401 quamvis
499 1326 592 1385 eiecti
614 1345 631 1386 e
649 1327 790 1404 principe
809 1325 965 1386 Ecclesiae
988 1327 1078 1398 sede,
1094 1324 1178 1402 patri·

221 1419 326 1477 monio
347 1418 448 1478 sancti
470 1419 560 1478 Petri
580 1419 723 1496 spoliati,
746 1420 893 1479 distracti
915 1437 934 1478 a
953 1417 1113 1479 fratribus
1126 1420 1176 1479 No

222 1511 299 1571 stris
320 1511 512 1585 carissimis,
528 1513 627 1572 tantis
648 1531 827 1589 premamur
848 1512 1031 1585 aerumnis,
1057 1519 1176 1588 quantas

222 1604 290 1664 sine
311 1604 463 1680 peculiari
483 1604 540 1665 Dei
553 1605 673 1664 auxilio
694 1605 779 1666 ferre
800 1606 992 1665 nullomodo
1014 1622 1175 1683 possemus,

223 1698 366 1775 quamvis
387 1699 483 1758 etiam
504 1699 637 1758 exitium
663 1717 770 1758 eorum
793 1698 981 1776 gravissime
1004 1699 1176 1766 doleamus,

222 1791 288 1869 qui,
304 1793 405 1868 magis
426 1793 595 1870 diligentes
615 1795 761 1853 tenebras
778 1809 871 1869 quam
891 1793 1006 1864 lucem,
1023 1793 1064 1852 ab
1084 1792 1178 1851 Eccle-

222 1886 270 1946 sia
290 1887 513 1958 desciverunt,
539 1890 594 1959 et,
620 1886 794 1962 instigante
821 1885 966 1958 diabolo,
991 1885 1176 1962 pervicacius

222 1998 315 2057 quam
343 1980 442 2039 ceteri
470 1979 656 2056 patientiam
686 1983 825 2038 vestram
851 1983 1021 2052 exercent3
1049 1980 1177 2039 dolores

223 2093 281 2151 que
303 2078 427 2134 vestros
458 2076 623 2149 praeterea
644 2071 772 2149 perinde
798 2089 975 2132 communes
1005 2073 1176 2140 babeamus,

222 2186 259 2228 ac
280 2168 307 2227 si
327 2185 380 2226 eos
400 2169 465 2228 Nos
486 2167 546 2243 ipsi
567 2166 733 2240 ferremus,
749 2168 855 2226 tamen
877 2185 947 2226 cum
972 2170 1111 2226 vestram
1132 2183 1177 2241 pa·

223 2260 381 2333 tientiam,
397 2263 464 2318 tam
477 2259 588 2319 multis
609 2259 640 2318 in
663 2258 823 2318 laboribus
844 2259 1049 2332 sustinendis,
1066 2265 1177 2319 tantan

222 2371 289 2413 csse
310 2352 537 2428 intelligamus,
565 2355 686 2412 tantam
707 2356 884 2412 ceterorum
911 2352 1051 2412 filiorum
1074 2351 1177 2411 tidelis·

224 2446 375 2506 simorum
396 2445 429 2503 in
450 2444 615 2504 retinenda
628 2444 785 2521 religione
805 2446 1028 2518 constantiam,
1044 2445 1176 2504 laborum

222 2541 412 2601 Nostrorum
433 2539 571 2597 omnium
599 2556 695 2615 paene
730 2539 968 2611 obliviscimur,
994 2543 1029 2598 ct
1057 2538 1096 2597 ob
1120 2541 1177 2596 lam

223 2633 387 2711 praeclara
407 2632 499 2705 bona,
519 2632 629 2709 quibus
642 2632 700 2693 hac
714 2633 753 2692 de
773 2650 866 2692 causa
886 2632 1079 2694 cumulatam
1100 2632 1177 2692 vide-

223 2745 292 2786 mus
313 2725 498 2799 Ecclesium,
513 2725 648 2786 mirifica
662 2726 857 2786 iucunditate
872 2745 907 2785 ac
920 2726 1050 2785 laetitia
1064 2741 1176 2785 recree-

223 2837 307 2880 mur.
322 2821 404 2886 Quae
425 2837 495 2878 eum
516 2818 564 2878 ita
584 2817 659 2889 sint,
676 2818 740 2877 noli
760 2819 797 2879 D.
813 2818 850 2877 F.
866 2819 907 2879 N.
924 2818 963 2876 ob
985 2835 1056 2890 eas,
1077 2815 1176 2894 quibus

223 2914 390 2984 iactamur,
409 2911 606 2972 calamitates
627 2927 723 2986 supra
748 2911 872 2969 modum
894 2910 1032 2970 tristari.
1055 2912 1175 2985 Magnae

222 3008 281 3067 hae
302 3006 428 3083 quidem
450 3007 534 3076 sunt,
556 3004 608 3063 sed
630 3021 744 3080 magna
765 3003 859 3062 simul
880 3003 1005 3062 eaedem
1026 3021 1097 3062 cum
1114 3001 1177 3059 ani-

221 3100 265 3158 mi
287 3099 388 3158 nostri
410 3095 606 3156 iucunditate
621 3095 815 3156 coniunctae.
833 3096 913 3162 Quin
936 3096 1041 3172 potius
1063 3093 1175 3173 gratias

221 3210 278 3269 age
294 3193 331 3251 D.
346 3193 386 3253 N.
400 3193 425 3250 l.
440 3189 579 3262 Christo,
591 3191 670 3265 qnod
686 3189 798 3266 dignos
811 3189 875 3250 Nos
890 3207 1010 3264 quoque
1025 3186 1176 3256 habuerit,

222 3284 276 3360 qui
298 3283 470 3356 vobiscum,
485 3283 522 3341 ad
537 3282 696 3342 Ecclesiae
711 3282 844 3359 gloriam
859 3282 1044 3358 augendam,
1060 3299 1113 3359 pro
1125 3297 1178 3336 uo-

222 3375 305 3435 mina
326 3377 393 3436 eius
414 3375 637 3435 contumeliam
667 3380 859 3453 pateremur.
887 3380 915 3435 A
935 3394 995 3452 quo
1017 3393 1085 3434 cum
1108 3389 1178 3448 pro-

223 3468 352 3528 missum
371 3469 552 3541 habeamus,
568 3485 602 3527 se
622 3486 718 3544 usque
739 3469 778 3529 ad
799 3467 1092 3530 consummationem
1109 3481 1178 3524 sae-
