2430 4202
623 328 661 340 -
682 296 743 355 324
764 327 802 342 .-

232 401 389 462 trimoniis
403 402 577 462 contractis
592 419 696 464 coram
711 403 863 463 Parocbis
879 403 1007 464 iuratis.
1021 404 1073 464 67.
1086 434 1103 448 -
1113 405 1193 465 Num

231 497 320 558 licite
341 501 470 577 petatur
487 517 507 558 a
527 498 668 558 Parocho
681 497 797 557 iurato.
810 498 895 560 85.·
910 500 991 567 Quid
1008 499 1046 558 de
1071 497 1195 558 benedi·

231 593 336 653 ctione
351 589 555 665 matrimonii,
574 592 695 668 quando
713 592 873 652 Parocbus
891 593 1067 654 catholicus
1089 593 1195 653 haberi

232 693 378 768 nequeat.
396 693 437 752 11.
454 689 522 750 108.
535 721 556 736 -
566 691 650 752 Num
665 691 855 751 conveniens
870 692 916 751 sit
928 710 998 752 eam
1018 695 1134 770 postea
1152 709 1197 750 ac-

230 785 352 862 cipere,
368 785 395 844 si
413 784 501 860 prius
515 783 625 844 haberi
640 803 700 844 non
715 786 831 860 potnit.
850 785 919 846 109.
933 817 950 830 -
960 786 1114 846 Monendi
1129 785 1200 845 fide-

230 882 278 941 les
299 878 380 938 hauc
401 879 439 937 ad
461 877 869 940 matrimoniivaliditatem
882 877 1011 939 minime
1022 879 1194 956 pertinere.

232 973 313 1036 Ibid.

292 1063 526 1128 Mecbliniensis
540 1065 815 1143 Archiepiscopus3
827 1066 971 1145 Epistola
986 1065 1025 1127 ad
1052 1085 1128 1128 enm
1154 1066 1199 1126 da·

292 1256 443 1318 Metensis
469 1255 619 1316 dioecesis
647 1255 795 1316 Vicarins
824 1256 982 1335 generalis
1003 1256 1193 1333 pontificiam

231 1350 454 1413 allocutionem
480 1350 517 1408 de
537 1367 612 1408 nece
632 1347 785 1410 Ludovici
805 1350 882 1410 XVI
903 1349 935 1408 in
958 1348 1116 1427 gallicam
1142 1350 1192 1409 lin·

232 1463 325 1524 guam
347 1441 519 1501 convertit.
536 1441 576 1500 11.
593 1440 644 1501 69.

291 1535 514 1598 Miraculorum
530 1534 708 1594 rumoribus
723 1553 782 1594 non
798 1535 908 1595 statim
932 1535 1011 1595 fides
1036 1541 1186 1613 praestan·

233 1635 281 1694 da.
298 1634 339 1693 Π.
355 1630 406 1692 91.
758 1645 762 1652 ·

291 1725 406 1785 Missae
426 1722 481 1782 sub
502 1721 565 1794 dio,
588 1721 620 1781 in
642 1721 739 1783 altari
761 1721 906 1800 portatili
927 1723 961 1781 et
975 1722 1046 1782 sine
1069 1723 1187 1783 Sancto

233 1837 303 1881 rum
324 1816 468 1893 reliquiis
488 1815 690 1875 celebrandae
709 1814 857 1875 facultas.
869 1817 895 1874 Ι.
909 1815 1008 1876 229-
1022 1816 1139 1876 Missae
1151 1834 1189 1875 ss·

232 1911 350 1974 orificio
365 1908 582 1987 apresbytero
596 1909 701 1969 iurato
716 1907 874 1967 celebrato
890 1907 997 1968 diebus
1018 1908 1189 1980 ferialibus,

231 2004 400 2068 Dominicis
419 2007 453 2062 et
472 2001 563 2061 iestis
577 2002 726 2060 assistere
740 2018 800 2059 non
815 1999 902 2060 licet.
916 2001 955 2060 ll.
969 1999 1021 2060 84.
1032 2002 1189 2064 -Eiusdem

143 2129 145 2132 ·
232 2097 437 2160 celebrandae
463 2094 531 2154 sine
552 2093 701 2153 Ministro
722 2096 756 2152 et
777 2109 869 2169 super
893 2092 998 2153 altare
1030 2095 1189 2172 portatile,
1213 2153 1214 2156 ,

233 2192 386 2269 huiusque
408 2187 610 2248 consecrandi
631 2185 767 2246 facultas
781 2203 941 2247 concessa.
958 2188 1000 2247 ll.
1017 2186 1071 2248 95.
1213 2159 1214 2197 ¹

292 2282 458 2355 Moniales,
480 2299 571 2357 quam
594 2278 702 2345 utiles:
724 2278 859 2338 immane
880 2282 1034 2340 adversus
1057 2299 1110 2341 eas
1129 2299 1190 2340 con·
1212 2259 1213 2295 ¹

233 2382 347 2438 ventus
368 2374 537 2435 nationalis
554 2373 716 2447 iudicium;
730 2372 873 2433 scribunt
887 2374 923 2432 ad
941 2373 1108 2434 Summum
1122 2377 1190 2434 Pon·
1211 2369 1212 2395 ¹

233 2470 363 2543 tiflcem;
385 2468 535 2528 landatur
555 2484 662 2528 earum
684 2465 1001 2546 constantia.l.108.

295 2565 386 2624 Mont
398 2562 496 2622 Blano
518 2580 572 2622 seu
590 2561 708 2622 Montis
722 2561 797 2622 Albi
810 2561 984 2639 Episcopus
998 2561 1189 2624 constitutio
1209 2579 1210 2593 ¹

236 2656 330 2716 nalis.
354 2654 433 2717 Vide
453 2655 616 2715 Pani-sset.
1208 2667 1209 2691 ¹

294 2750 496 2812 Monvansius
517 2749 655 2810 celebrat
676 2747 801 2809 missam
814 2747 977 2809 Avenione
999 2748 1122 2827 insigni
1136 2747 1208 2808 mul

234 2844 362 2923 nicipali
383 2861 475 2922 super
494 2846 598 2903 vestes
618 2841 827 2903 sacerdotales
847 2841 988 2901 indutus.
1003 2843 1029 2901 Ι.
1049 2841 1188 2903 lau-nb
1206 2843 1207 2889 l

232 2940 415 3001 executione
437 2936 556 2997 ordinis
578 2938 647 2996 ideo
670 2953 846 3015 suspensus.
863 2936 887 2994 l.
907 2933 974 2995 189.
1204 2939 1206 3020 l

295 3028 652 3094 Mutunm'commercii.
676 3030 717 3089 11.
742 3026 811 3088 115.
1204 3021 1205 3089 l

697 3218 730 3276 lt

292 3408 472 3472 Nationalis
500 3407 674 3467 conventus
703 3403 831 3464 decreta
857 3397 1047 3478 religionem
1076 3404 1186 3480 pertur-

235 3499 323 3576 bant,
338 3501 537 3579 Apostolicae
551 3499 640 3561 Sedis
660 3497 732 3558 iura
753 3496 916 3573 usurpant.
926 3495 951 3554 1.
964 3492 1015 3556 16.
1025 3495 1106 3557 Vide
1119 3493 1185 3556 Gon·

229 3600 358 3658 stitotio
379 3598 498 3657 civilis.
