2430 4202
322 323 477 386 abietibus
496 323 712 384 functionibus
730 325 914 384 nouantem
928 324 1105 385 sacerdota·

320 420 405 479 libus
424 418 672 492 renunciarent,
687 422 722 480 et
741 419 888 478 chartam
910 417 1106 496 exigentibus

324 512 580 589 persecutoribus
594 511 809 586 tradiderunt,
825 529 920 590 quam
931 513 990 572 isti
1004 513 1042 572 ob
1054 513 1109 572 im-
1206 551 1207 566 ,

322 606 471 685 peritiam
485 606 566 667 falso
584 609 778 682 reputarunt
798 625 866 667 esse
887 606 1024 668 litteras
1043 624 1109 683 pre-

325 703 511 780 sbyteratus
552 741 1000 763 .........
1033 718 1104 778 pap.
1125 699 1170 760 150

224 796 919 874 179712Augusti··Utiuom.Dominioo
934 797 1109 856 (1888118811

321 890 577 960 Bupeiuualdio
616 891 891 961 Archiepiscopo
930 891 1108 948 1181188888

324 983 434 1053 sensi.
451 980 638 1041 Gratulanti
655 982 693 1041 de
715 985 844 1058 recepta
864 980 1054 1041 valetudine
1067 997 1115 1039 re-

325 1074 457 1150 spondet
470 1074 631 1148 Pontifex,
648 1093 681 1134 88
694 1075 776 1137 hanc
790 1091 914 1134 omnem
927 1073 1111 1150 impendere

321 1166 405 1227 velle
426 1165 458 1225 in
485 1168 628 1228 Ecclesia
648 1168 860 1242 vindicanda,
886 1168 968 1245 quod
1002 1169 1107 1228 tamen

321 1277 382 1318 non
408 1260 447 1319 ab
472 1260 540 1321 ulla
561 1279 618 1322 888
639 1279 746 1340 opera,
762 1265 815 1322 sed
830 1281 850 1322 8
869 1264 981 1326 divino
1003 1267 1108 1343 sperat

322 1353 455 1417 auxilio.
472 1357 629 1417 Laetatur
641 1356 681 1415 ob
696 1362 895 1432 praesentem
909 1377 1024 1420 rerum
1039 1357 1111 1418 Gal·

321 1454 497 1514 licanarum
511 1451 631 1509 statum
652 1449 850 1528 intelligens,
866 1470 947 1529 quae
963 1453 1035 1514 illic
1049 1450 1111 1513 ani-
1208 1509 1209 1512 ,

323 1562 446 1607 morum
457 1543 592 1604 mutatio
607 1546 720 1621 coepta
737 1547 788 1604 est
824 1589 1052 1606 .....
1092 1560 1108 1603 s
1127 1539 1168 1600 151

323 1642 363 1701 16
393 1637 574 1700 Decembris
586 1669 604 1682 ·
617 1637 816 1714 Perpratum
837 1637 947 1698 Nebis.
981 1641 1108 1699 1711818-

319 1735 393 1793 8188
411 1733 582 1809 Episcopo
608 1734 720 1790 electo
741 1733 911 1802 Spirensi.
931 1733 1108 1809 Respondet

321 1824 424 1886 dubiis
435 1824 474 1884 ab
486 1823 555 1883 eius
566 1823 729 1883 decessore
739 1824 911 1901 propositis
921 1825 1010 1885 circa
1020 1823 1109 1884 Aloi-

320 1919 359 1980 sii
372 1915 502 1979 Linderi
517 1916 747 1977 absolutionem
762 1922 796 1978 81
809 1917 894 1978 circa
907 1918 1107 1979 validitatem

321 2031 482 2077 sacrorum
497 2011 663 2086 Ordiuum,
680 2031 757 2090 quos
771 2014 853 2074 idem
868 2015 907 2074 ab
922 2014 1049 2076 intruso
1062 2032 1107 2073 re-

278 2117 282 2127 '
318 2111 462 2187 ceperat,
481 2123 572 2184 quem
593 2107 651 2167 ille
672 2108 806 2168 timebat
827 2109 880 2168 vel
901 2108 1107 2169 necessariam

322 2201 529 2264 intentionem
546 2218 606 2259 non
621 2201 780 2274 habuisse,
796 2202 848 2262 vel
861 2220 921 2261 non
944 2202 1108 2277 omniaps·

318 2301 421 2357 188888
435 2312 514 2371 quae
535 2295 575 2353 ad
597 2292 807 2354 ordinationis
828 2295 1039 2355 substantiam
1059 2309 1107 2352 re-

317 2389 500 2467 quiruntur.
524 2388 716 2448 Gratulatur
730 2389 894 2466 Episcopo,
909 2389 993 2464 quod
1006 2386 1107 2463 requi·

319 2500 394 2542 8888
407 2481 445 2541 ab
459 2481 646 2558 Apostoliea
657 2483 736 2542 Sede
747 2501 826 2560 quae
841 2483 873 2542 in
888 2482 995 2546 anxiis
1014 2482 1105 2542 rebus

318 2575 455 2636 tenenda
482 2574 526 2634 sit
555 2575 733 2648 sententis,
754 2575 787 2634 in
812 2573 878 2652 ipse
899 2575 1104 2652 Episcopatus
1210 2613 1211 2622 .

318 2671 458 2744 exordio,
472 2669 650 2746 exemplum
666 2673 816 2746 sequutus
830 2670 929 2731 fuerit
942 2670 1107 2732 Africano·

316 2782 397 2824 rum*
415 2766 550 2824 Petrum
573 2762 871 2840 Carthaginensium
892 2766 927 2822 81
946 2763 1107 2823 Milevita·

316 2874 426 2918 norum
447 2875 468 2918 a
488 2858 521 2916 S.
538 2858 723 2916 Innocentio
744 2858 769 2916 1.
785 2856 949 2916 laudatum
979 2899 988 2915 .
1035 2901 1043 2917 .
1086 2872 1104 2916 s
1124 2850 1167 2912 153

256 2968 275 3012 a
317 2953 357 3013 30
388 2949 551 3011 Decembri
569 2982 584 2994 -
601 2947 724 3009 Christi
745 2949 919 3010 Ecclesiae.
946 2948 1107 3011 Nonnulla

159 3027 161 3038 ¹
317 3043 461 3107 decernit
481 3042 632 3104 Pontifex
647 3045 685 3104 de
701 3043 768 3103 leco
784 3062 819 3104 88
834 3046 976 3120 tempore
991 3044 1106 3103 haben·
1209 3063 1211 3088 ⁴

316 3142 427 3200 dorum
452 3137 655 3199 comitiorum
683 3155 740 3215 pro
768 3137 922 3198 eloctione
944 3138 1108 3198 Suocesso·
1209 3121 1211 3168 ¹

315 3235 361 3294 ris
381 3233 436 3294 Sui
440 3276 1044 3293 .............
1086 3225 1168 3291 »156
1209 3225 1211 3292 ἶ

218 3323 296 3386 1798
317 3325 337 3385 5
358 3327 468 3385 18811-
481 3326 611 3403 Dipsas
628 3329 739 3402 place.
762 3326 856 3387 Alex.
880 3328 1106 3403 logostein
1210 3311 1211 3336 ³

314 3422 539 3490 ebieplscopo
560 3421 788 3492 3188888881,-
801 3421 841 3479 Η.
858 3421 883 3479 1.
901 3421 938 3480 E.
965 3423 1105 3490 Episco-

312 3526 359 3579 po
373 3513 613 3584 suessonensi,
624 3542 638 3556 -
651 3515 689 3571 Α.
704 3513 736 3572 S.
750 3515 924 3584 Episcopo
945 3514 1104 3574 comensi
