2488 4204
233 332 349 390 habens
371 329 550 406 alloquendi
571 328 714 406 egregios
736 328 836 399 viros,
849 328 901 403 qui
918 326 1094 386 huiusmodi
1107 343 1188 402 prae·
1222 327 1223 380 ἴ

235 426 309 483 sunt
330 423 428 498 operi,
442 422 565 495 efficias,
580 424 615 480 ut
626 421 695 498 regi
706 424 739 481 et
754 420 873 480 nationi
889 420 1076 491 innotescat,
1088 418 1187 495 quales

235 515 320 594 grati
342 515 438 574 animi
451 533 559 575 sensus
573 531 629 591 per
642 516 705 576 Nos
726 513 907 587 foveantur,
920 516 953 572 et
966 516 1102 590 quantus
1116 510 1188 586 apud

234 611 297 670 Nos
320 610 467 686 antiquae
489 608 628 685 ipsorum
651 607 879 667 existimationi
908 606 1051 665 cumulus
1072 607 1188 666 aecede-

236 702 291 761 rit.
302 703 348 762 Ad
364 702 439 761 haec
455 700 669 760 incredibilem
684 702 833 761 Nostram
848 699 1093 760 consolationem
1109 699 1188 757 debes

237 793 419 870 adiungere,
442 812 503 870 qua
523 795 586 855 Nos
604 793 718 852 mirum
741 794 772 851 in
795 793 918 851 modum
940 793 1079 853 recreati
1100 811 1136 853 ae
1150 809 1189 852 re·

237 887 311 947 fecti
324 905 430 946 sumus
443 887 660 964 intelligentes
688 887 819 947 istorum
836 904 1005 963 regnorum
1027 888 1188 947 catholicos

237 981 359 1039 levatos
373 980 468 1039 inisse
486 998 580 1039 onere
603 980 706 1056 legum
730 980 918 1057 poenalium,
935 1000 995 1058 quo
1011 982 1060 1040 illi
1077 1001 1095 1041 a
1111 985 1188 1042 tanto

231 1074 299 1132 iam
321 1079 459 1149 tempore
481 1074 726 1149 premebantur3
750 1074 842 1150 idque
862 1074 962 1133 adhuc
984 1075 1105 1156 magis,
1128 1075 1187 1151 qnia
1223 1091 1224 1094 ¹

238 1188 344 1246 regem
365 1175 398 1228 et
420 1170 577 1230 nationem
599 1189 634 1229 eo
657 1171 817 1230 devenisse
833 1171 977 1230 novimus
1000 1190 1059 1231 non
1076 1177 1187 1233 tantum

238 1281 294 1322 sua
308 1268 417 1339 sponte
432 1267 465 1321 et
479 1263 626 1339 propriae
648 1263 857 1323 humanitatis
871 1263 1020 1339 impulsu,
1038 1267 1092 1323 sed
1107 1265 1188 1324 etiam

238 1357 276 1416 ob
298 1357 425 1433 probam
444 1357 690 1433 prudentemque
706 1356 835 1416 vivendi
850 1358 1004 1418 rationem
1030 1359 1188 1417 eorundem

238 1449 474 1523 catholicorum,
494 1449 549 1526 qui
570 1450 727 1526 obsequio,
745 1450 934 1523 obedientia,
953 1467 988 1509 ac
1003 1450 1063 1510 fide
1085 1447 1188 1510 nemini

238 1547 451 1619 concedentes,
472 1563 608 1606 amorem
631 1546 709 1619 sibi,
730 1564 765 1605 ac
788 1546 931 1606 fiduciam
954 1545 1120 1622 regiminis
1135 1563 1190 1605 suo-
1224 1575 1225 1590 2

238 1659 368 1718 rumque
394 1640 612 1717 indigenarum
640 1642 872 1699 demeruerant.
895 1641 1084 1699 Persuasum
1106 1639 1189 1701 Nobis

238 1739 297 1806 est,
320 1737 352 1792 te
375 1752 494 1794 summa
515 1734 613 1794 animi
636 1733 800 1809 voluptate
824 1734 893 1805 hoc,
917 1735 997 1810 quod
1021 1733 1081 1793 tibi
1105 1735 1191 1810 impo-

239 1828 352 1899 nimus,
366 1847 506 1899 mnnere,
527 1831 560 1886 et
577 1826 676 1886 officio
692 1826 924 1886 defuncturum.
941 1826 1105 1888 Vellemus
1119 1826 1190 1904 eqni·

239 1925 307 1982 dem
323 1941 360 1982 ea
370 1921 548 1981 conditione
563 1939 642 1993 esse,
656 1925 692 1980 ut
710 1919 904 1996 singulorum
916 1920 1189 1981 ecclesiasticorum

239 2015 383 2074 exsulum
395 2033 411 2072 e
423 2014 544 2074 Galliae
561 2031 657 2090 regno
669 2030 826 2089 possemus
837 2013 1020 2090 indigentiis
1036 2029 1190 2074 occurrere
1225 2075 1226 2087 χ

239 2114 272 2169 et
286 2128 373 2186 opem
396 2109 491 2167 ferre.
509 2108 569 2166 Sed
585 2107 695 2182 ingens
711 2125 858 2167 numerus
870 2125 990 2180 eorum,
1003 2109 1056 2184 qni
1074 2106 1190 2170 aNobis

239 2204 365 2279 excepti
386 2206 470 2275 sunt,
494 2201 607 2279 quique
632 2220 689 2278 per
709 2203 772 2263 Nos
793 2206 1027 2274 sustentantur,
1049 2205 1129 2263 adeo
1150 2218 1191 2260 ex·

239 2298 355 2369 crevit,
369 2302 405 2357 ut
417 2298 549 2357 Nostrae
564 2295 625 2354 iam
641 2294 726 2354 vires
747 2297 888 2355 excedat.
904 2298 1051 2373 Adeoque
1066 2296 1190 2355 maxime

238 2391 356 2451 Nostra
370 2389 516 2461 interest,
538 2393 574 2448 ut
595 2394 685 2464 grato
706 2390 809 2449 animo
831 2390 928 2449 simus
949 2407 1025 2467 erga
1047 2391 1190 2469 inclytam

240 2483 412 2555 nationem,
426 2500 517 2557 quam
533 2500 589 2558 pro
605 2485 691 2542 certo
714 2483 862 2542 habemus
876 2483 964 2542 vobis
979 2501 1103 2560 semper
1117 2483 1191 2544 adiu·

240 2580 358 2648 turam,
380 2576 477 2634 donec
498 2574 634 2652 episcopi
659 2575 775 2652 aliique
797 2575 1001 2637 ecclesiastici
1024 2577 1116 2652 regni
1131 2573 1191 2635 Gel-
1226 2591 1227 2641 t

240 2669 356 2729 liarum
378 2668 498 2746 possint
519 2671 556 2729 ad
579 2687 651 2730 suas
673 2671 760 2729 sedes
781 2673 814 2728 et
831 2669 979 2730 ecelesias
1000 2672 1142 2732 reverti:
1163 2683 1190 2727 eo
1225 2649 1227 2722 l

241 2762 293 2821 vel
314 2761 415 2838 magis
437 2760 510 2838 quia
531 2761 694 2838 seriptum,
719 2762 806 2821 euius
828 2763 970 2838 superins
989 2764 1189 2832 meminimus,
1226 2751 1227 2790 l

240 2859 343 2916 certos
363 2857 426 2916 Nos
448 2856 565 2927 reddit,
581 2875 620 2914 ex
639 2856 759 2932 optima
779 2855 909 2914 vivendi
930 2856 1054 2918 ratione
1070 2876 1089 2917 a
1104 2854 1190 2918 Gallis
1226 2855 1227 2860 ’

240 2948 463 3009 ecelesiasticis
485 2949 566 3008 inita
587 2947 711 3009 auctam
735 2950 937 3008 vehementer
960 2949 1054 3008 luisse
1076 2947 1191 3010 commi·
1226 2977 1227 2992 κ

239 3044 440 3118 serationem,
454 3063 544 3120 quam
560 3061 725 3102 aerumnae
741 3042 869 3120 indigne
885 3061 1012 3120 prorsus
1027 3045 1065 3104 ab
1079 3045 1120 3104 iis
1132 3057 1191 3121 per·
1226 3081 1227 3084 ,

240 3139 324 3200 latae
346 3138 577 3210 excitaverant,
594 3141 627 3196 et
648 3140 752 3196 certos
772 3137 849 3196 item
870 3139 936 3198 Nos
958 3137 1045 3212 iacit,
1066 3134 1191 3200 nationis

242 3231 334 3291 istius
356 3231 585 3291 humanitatem
607 3231 896 3308 liberalitatemque
925 3232 971 3291 ita
993 3232 1058 3292 late
1080 3236 1190 3310 patere,

242 3327 279 3382 ut
298 3324 350 3382 vel
372 3325 409 3383 ad
432 3325 516 3400 ipsos
543 3342 614 3382 suos
636 3324 741 3384 hostes
762 3326 957 3402 porrigatur.
980 3324 1062 3385 Aliis
1075 3321 1191 3386 Nostris

241 3417 362 3478 litteris
376 3419 476 3479 eoacti
496 3437 594 3495 nuper
613 3419 728 3479 fuimus
743 3419 850 3480 fideles
865 3437 1059 3480 commouere
1074 3418 1192 3497 provin·

242 3511 306 3572 eiae
323 3512 508 3589 praesertim
520 3513 740 3590 Pictavieusis,
762 3518 795 3575 et
812 3515 997 3576 Britanniae
1011 3513 1151 3586 Minoris,
1164 3508 1192 3567 ut
