2506 4198
429 222 466 234 -
491 188 548 251 197
571 219 608 231 -

35 297 156 358 violata
175 297 250 356 iura
271 297 437 357 defendere
459 316 494 357 ac
516 295 599 356 tueri
624 295 780 368 debemus,
800 312 840 353 ex
861 296 1001 354 Romana

34 391 109 449 Sede
125 389 233 464 eiecti,
249 395 284 450 et
298 390 329 448 iu
345 389 465 450 alienas
481 393 584 449 terras
599 388 807 465 commigrare
829 385 999 464 compulsi,

33 489 125 562 atque
149 485 208 543 hoc
235 483 267 542 in
290 484 573 545 Carthasianorum
605 482 751 542 coenobio
777 482 921 555 detenti,
945 500 1000 540 nec

32 598 84 655 per
97 581 310 656 apostolicam
325 580 548 641 auctoritatem
562 582 653 639 tanta
667 578 750 638 mala
764 577 927 654 impedire,
944 598 1000 639 nec

33 675 208 734 reclamare
230 677 342 733 contra
368 677 490 733 tautam
511 689 581 731 cum
602 673 808 750 humanorum
830 672 1001 732 tum'divi-

32 785 143 826 norum
164 767 285 827 iurium
307 767 572 828 conculcationem
594 782 772 842 possumus,
795 765 868 840 quin
891 783 1000 826 verea-

31 880 97 921 mur
114 881 168 935 ne,
184 862 360 921 obtentam
386 861 546 920 hominum
565 859 757 937 impietatem
779 877 814 918 ac
836 859 912 931 vim,
929 877 1000 936 gra·

29 957 121 1016 viora
144 955 265 1014 exinde
291 957 374 1016 mala
395 956 426 1013 in
448 957 619 1016 Ecclesiam
647 954 904 1032 Religionemque
931 956 1000 1014 uni·

32 1066 156 1108 versam
184 1048 251 1108 sint
280 1049 413 1108 oritura.
437 1050 505 1109 Non
535 1049 695 1107 tamenin
725 1047 822 1107 tantis
848 1047 997 1125 periculis

31 1143 131 1203 defuit
160 1142 322 1204 Ecclesiae
352 1160 425 1202 suae
447 1145 546 1203 Deus:
570 1146 791 1218 praeterquam
812 1145 893 1217 quod
914 1143 997 1202 enim

31 1238 155 1297 tantam
184 1236 370 1295 firmitatem
403 1235 644 1295 Venerabilibus
672 1235 839 1295 Fratribus
870 1237 998 1298 Nostris

30 1329 158 1402 indidit,
175 1332 295 1406 quanta
316 1346 367 1386 eos
388 1331 548 1405 praestare
571 1345 693 1386 necesse
707 1329 777 1387 erat
798 1332 835 1389 ad
857 1329 998 1390 infinitas

28 1424 96 1483 illas
121 1441 292 1484 aerumnas
320 1423 418 1483 alacri
450 1423 552 1482 animo
579 1423 775 1482 sustinendas
796 1440 871 1499 quas
892 1424 996 1483 subire

29 1519 128 1578 coacti
143 1523 232 1590 sunt,
250 1518 296 1577 ita
310 1518 407 1578 etiam
429 1517 536 1576 divino
559 1536 612 1576 suo
629 1516 755 1577 auxilio·
769 1516 903 1575 debilem
918 1518 996 1576 hanc

32 1616 231 1672 senectutem
252 1612 400 1673 Nostram
422 1610 616 1670 sustentavit
636 1628 671 1668 ac
689 1609 791 1681 rexit,
814 1612 851 1668 ut
873 1627 931 1668 non
948 1627 996 1668 so-

29 1705 88 1763 lum
112 1705 217 1764 tantis
241 1707 305 1765 Nos
327 1703 483 1764 Ecclesiae
511 1703 603 1763 malis
632 1704 818 1779 superstites
846 1720 993 1777 essemus,

30 1817 135 1858 verum
158 1797 262 1857 etiam
285 1802 321 1857 ut
340 1797 469 1857 caelesti
495 1799 599 1876 gratia
626 1795 801 1857 confirmati
824 1798 930 1856 tantos
950 1797 996 1856 la-

30 1889 115 1951 bores
139 1894 327 1950 constanter
348 1891 512 1968 perferre,
535 1911 570 1953 ac
592 1891 618 1950 si
640 1891 742 1949 minus
764 1889 993 1966 praesentibus,

31 1983 144 2046 futuris
166 1985 281 2044 saltem
302 1986 458 2045 Ecclesiae
480 1985 630 2062 periculis
651 1984 755 2062 aliquo
776 1984 867 2042 modo
890 1983 996 2059 provi-

31 2081 97 2139 dere
122 2097 296 2156 possemus.
313 2079 464 2146 Quoniam
485 2097 563 2138 vero
584 2080 621 2138 ad
645 2097 741 2137 novos
762 2096 850 2138 casus
873 2080 995 2153 tempo·

33 2189 96 2230 rum
120 2189 278 2232 novorum
300 2171 500 2230 consiliorum
516 2171 656 2230 rationes
671 2174 744 2230 sunt
765 2170 995 2228 accommodan-

31 2265 92 2338 dae,
109 2282 209 2342 quum
231 2265 293 2324 Nos
307 2266 436 2340 propter
451 2282 488 2325 ea
503 2283 582 2323 nova
596 2265 679 2324 mala
693 2280 771 2340 quae
792 2266 902 2322 contra
922 2280 995 2338 apoc

32 2359 175 2418 stolicam
190 2358 372 2418 libertatem
383 2358 565 2418 acciderunt
579 2359 628 2418 his
643 2377 752 2418 novem
768 2353 925 2417 mensibus
940 2342 995 2433 qui

29 2451 190 2512 consecuti
211 2454 296 2524 sunt,
313 2451 475 2511 videamus
496 2453 533 2511 ad
555 2451 719 2511 electionis
740 2451 885 2527 pericula
906 2467 995 2527 prae-

31 2547 168 2606 cavenda
183 2563 244 2603 noo
266 2547 342 2604 satis
357 2563 423 2604 esse
441 2563 527 2621 posse
543 2564 580 2604 aa
594 2545 733 2604 remedia
754 2564 831 2622 quae
848 2548 922 2604 tunc
937 2562 993 2622 per

30 2639 187 2713 praefatas
216 2640 348 2698 Nostras
376 2637 503 2697 litteras
532 2638 725 2715 praescripta
756 2639 866 2712 fuere3
891 2639 992 2697 auctis

31 2733 108 2791 enim
137 2730 296 2792 Ecclesiae
329 2730 585 2804 difficultatibus,
616 2733 704 2791 novis
737 2732 992 2810 derogationibus

32 2829 173 2902 tempora
193 2823 354 2900 indigent,
378 2842 415 2882 ne
437 2823 603 2882 Pontificis
632 2825 746 2884 electio
775 2825 991 2901 perturbetur,

32 2935 94 2978 cnm
117 2918 220 2993 magis
241 2918 451 2993 quaerendum
471 2917 514 2977 sit
528 2917 626 2976 Nobis
647 2921 682 2976 ut
702 2917 843 2978 faciliter
858 2921 891 2976 et
912 2917 994 2976 cele-

31 3011 106 3070 riter
122 3011 267 3087 eligatur
282 3013 438 3070 Romanus
452 3009 612 3082 Pontifex,
623 3028 714 3084 quam
729 3012 765 3069 ut
780 3009 915 3069 servatis
930 3010 992 3069 rite

30 3103 231 3163 caeremoniis
252 3109 285 3162 et
311 3103 565 3163 solemnitatibus
597 3102 759 3178 eligatur,
782 3119 914 3177 quarum
942 3103 992 3162 his

31 3198 214 3272 praesertim
237 3197 429 3274 temporibus
452 3197 538 3256 nulla
559 3195 665 3254 forsan
687 3195 769 3253 ratio
791 3195 900 3254 haberi
921 3198 991 3271 pot-

31 3295 90 3365 est,
114 3293 203 3350 motu
226 3290 352 3368 proprio
373 3293 407 3350 et
428 3308 467 3349 ex
488 3292 577 3349 certa
598 3287 743 3363 scientia,
759 3307 795 3349 ac
811 3290 847 3348 de
868 3292 992 3366 aposto·

31 3381 107 3443 licae
121 3384 290 3460 potestatis
305 3383 512 3460 plenitudine,
529 3381 612 3442 iniis
627 3383 751 3442 tantum
766 3383 901 3444 comitiis
912 3404 990 3462 quae

32 3475 64 3535 de
78 3476 231 3538 Pontifice
253 3477 397 3554 eligendo
419 3477 521 3554 prima
542 3479 613 3554 post
635 3476 753 3536 obitum
774 3479 925 3539 Nostrum
940 3480 990 3540 fu·
