2488 4204
53 372 231 450 affliguntur.
255 372 346 443 Hinc,
370 375 406 431 ut
426 371 638 448 quantocitius
659 371 727 431 fleri
750 376 866 449 posset,
883 372 998 434 eisdem

50 468 180 528 fidelibus
202 468 426 544 opitularetur,
446 469 539 546 atque
561 467 767 546 petitionibus
789 467 853 528 tuis
874 468 1002 528 satisfa-

48 566 133 630 ceret,
156 577 210 620 eas
233 561 367 620 selectae
388 561 603 620 Oardinalium
623 560 867 638 Congregationi
882 561 1001 622 exami-

48 656 152 714 nandas
173 653 350 744 commisit:
373 672 452 731 quae
474 659 581 714 autem
609 673 628 714 a
655 654 797 731 praelata
817 654 1001 734 Congrega·

47 748 120 809 tione
140 750 270 808 decreta
299 751 393 819 sont,
417 767 451 808 ac
473 749 605 825 probata
626 749 664 808 ab
692 751 798 808 eadem
820 750 999 810 Sanctitate

47 844 111 912 Sua,
133 842 347 920 amplitudini
370 846 442 903 tuae
463 861 512 902 me
536 842 712 920 significare
734 843 910 904 mandavit.

97 939 233 1014 Exponis
246 937 352 1014 itaque
367 957 425 997 non
440 938 487 998 ita
501 939 619 1015 pridem
636 937 817 999 orationali
832 941 996 1000 Conventa

47 1033 194 1092 conditum
217 1034 377 1092 decretum
400 1031 507 1104 fuisse,
530 1051 591 1108 quo
614 1031 860 1108 praescribitur,
885 1033 1000 1093 matri·

46 1125 141 1184 monia
157 1125 190 1183 in
214 1127 375 1202 posterum
398 1125 430 1183 in
454 1127 563 1201 Regno
578 1124 754 1185 Galliarum
775 1125 931 1185 celebrari
947 1127 1000 1185 de-

48 1217 110 1277 bere
130 1236 236 1280 coram
259 1217 525 1294 Municipalitate,
546 1217 613 1276 sive
635 1234 738 1276 coram
754 1217 879 1278 officiali
896 1221 999 1280 aMu·

47 1311 235 1388 nicipalitate
250 1312 386 1386 delect03
402 1312 685 1389 aMunioipalitate
701 1330 789 1386 vero,
807 1332 860 1373 seu
877 1332 1001 1390 aprae-

47 1412 207 1467 memorato
230 1405 356 1466 officiali
378 1405 475 1483 recipi
504 1423 609 1466 eoram
631 1409 767 1482 quatuor
789 1406 924 1467 testibus
945 1409 1000 1466 de-

47 1499 110 1558 bere
130 1500 376 1562 declarationem
406 1517 424 1558 a
451 1500 569 1561 futuris
591 1500 773 1578 coniugibus
794 1501 996 1561 emittendam

49 1594 94 1651 sub
114 1597 169 1655 hac
190 1596 295 1655 forma
320 1595 505 1654 uerborum:
529 1595 663 1656 Declaro
685 1613 734 1655 mc
754 1613 877 1656 sumere
898 1597 938 1656 N.
952 1595 996 1654 N.

49 1690 78 1744 iu
96 1691 359 1762 matrimonium·
379 1708 440 1766 qua
461 1689 673 1750 declaratione
693 1690 830 1749 vicissim
844 1709 863 1748 a
877 1690 995 1748 dnobus

51 1782 218 1860 coningibus
242 1783 337 1855 faeta,
361 1781 400 1841 ab
424 1780 550 1853 officiali
579 1783 703 1860 publico
729 1782 997 1859 pronunciandum

54 1891 113 1948 csse,
134 1896 185 1938 eos
206 1879 240 1938 in
266 1877 390 1936 nomine
415 1876 510 1953 Legis
537 1876 720 1937 coniunctos
742 1877 827 1936 fore:
856 1875 1002 1952 praelato

58 1973 137 2030 auum
156 1971 340 2033 Nationalis
355 1971 534 2032 Conventus
556 1973 681 2030 decreto
698 1971 776 2031 nihil
791 1975 916 2029 cautum
931 1986 997 2030 esse

57 2059 91 2118 ais
106 2063 184 2126 eirca
205 2066 341 2124 formam
360 2083 378 2124 a
393 2063 580 2124 Tridentino
601 2063 741 2125 Concilio
757 2063 996 2140 praescriptam,

55 2168 113 2226 quae
131 2159 296 2236 profecto,
323 2158 348 2218 si
375 2157 454 2217 nihil
482 2156 567 2217 alind
591 2157 753 2230 obstaret,
782 2157 813 2215 in
842 2157 906 2222 rim
930 2160 1005 2216 tan··

53 2251 190 2312 tummodo
211 2250 456 2331 praememorati
476 2250 602 2311 Decreti
625 2249 787 2310 observari
809 2249 996 2311 adamussim

51 2355 149 2412 posset.

99 2439 138 2496 At
150 2438 284 2499 sormam
299 2456 317 2497 a
332 2437 536 2514 praelaudato
551 2435 738 2497 Tridentino
751 2436 891 2498 Concilio
907 2455 1007 2514 prae-·

51 2529 182 2606 scriptam
211 2551 270 2611 pro
299 2530 452 2609 coniugiis
480 2530 645 2606 ineundis,
668 2530 701 2589 in
722 2550 759 2591 ea
784 2534 897 2614 parte,
920 2549 998 2608 quae

50 2624 163 2699 respicit
173 2625 303 2705 parochi
315 2624 539 2702 praesentiam,
555 2625 719 2686 observari
730 2627 820 2684 modo
833 2643 893 2684 non
909 2643 998 2702 posse

51 2719 183 2780 emaiori
206 2723 298 2798 parte
319 2718 459 2778 fidelium
481 2718 631 2779 dioecesis
645 2717 852 2780 Lucionensis
867 2718 999 2778 moleste

52 2805 120 2884 fers,
140 2818 272 2892 propter
300 2812 515 2891 legitimorum
536 2813 742 2890 parochorum
765 2811 996 2872 deficientiam:

52 2917 103 2972 luo
119 2922 155 2966 ex
182 2926 217 2968 re
246 2907 330 2966 mala
350 2910 383 2965 et
404 2907 596 2966 incommoda
617 2905 806 2983 gravissima
835 2903 999 2964 oboritura

51 2998 209 3065 praevides.
224 3000 317 3074 Hinc,
331 3003 366 3060 ut
375 3001 617 3076 praememorati
632 2999 834 3061 Lucionensis
849 2997 999 3057 dioecesis

51 3083 144 3152 fideles
154 3093 186 3152 in
197 3095 446 3155 circumstantiis
457 3096 533 3154 adeo
546 3094 698 3155 luctuosis
710 3092 889 3166 constituti,
903 3091 1000 3152 liberi

53 3177 236 3249 declarentur
252 3188 290 3247 ab
310 3188 512 3248 observantia
533 3190 653 3250 decreti
669 3188 847 3249 Tridentini
864 3186 999 3249 Concilii

52 3285 98 3344 pro
117 3279 328 3358 coniugiorum
348 3282 577 3355 celebratione,
601 3282 734 3360 primum
758 3281 996 3354 animadvertis,

53 3379 103 3424 non
123 3388 207 3448 posse
222 3378 309 3434 certo
331 3375 442 3449 statui,
460 3377 655 3437 notissimum
670 3374 802 3438 concilii
818 3375 999 3436 Tridentini

53 3455 206 3539 decretum,
229 3467 308 3543 quod
325 3466 445 3544 legitur
459 3487 531 3529 sess.
544 3469 598 3529 24.
613 3471 651 3530 de
665 3471 834 3548 reformat.
848 3471 996 3530 matrim.

55 3563 112 3627 cap,
131 3556 157 3630 1,
173 3560 366 3636 publicatum
388 3579 496 3640 reapse
511 3562 606 3625 fuisse
622 3564 653 3624 in
670 3563 803 3642 singulis
822 3563 999 3624 Galliarum
