2424 4196
33 330 58 390 iu
80 330 212 408 asparis,
237 334 271 390 at
298 331 442 390 semitam
469 331 599 404 bonam,
625 350 680 410 per
705 351 797 410 quam
820 331 986 391 ambulent

36 425 143 499 fideles,
174 443 212 484 ne
242 423 325 484 forte
354 411 580 486 offendant'ad
610 426 748 503 lapidem
779 427 870 504 pedes
901 443 985 488 suos.

35 522 117 580 Huius
137 525 244 580 autem
265 518 509 594 sollicitudinis,
533 524 567 580 et
587 521 685 580 studii
712 523 878 580 innumera
899 519 984 592 iam,

34 619 59 671 et
74 614 265 693 amplissima
279 614 456 676 Galliarum
470 615 615 692 Episcopi
632 615 767 674 habuere
787 615 984 674 documenta.

31 709 135 768 Notum
166 709 249 770 euim
277 708 340 768 iam
360 715 411 768 est
426 727 498 767 ,non
521 709 552 767 iu
575 708 690 770 Galliis
712 713 854 781 tantum,
879 707 987 766 sedin

30 803 162 864 omnibns
184 805 282 863 ctiam
304 802 532 862 catholicorum
554 803 732 880 principum
754 803 926 861 ditionibus
941 802 988 860 iu·

29 898 130 958 dicium
154 898 356 974 Apostolicae
378 897 468 957 Sedis
495 899 646 957 adversus
674 896 801 956 civilem
827 895 988 956 constitu-

29 994 133 1053 tionem
156 993 243 1053 Glari
266 992 369 1068 Regni
392 992 568 1052 Galliarum
589 991 730 1064 editum,
754 1009 790 1052 ac
812 990 988 1069 pervulga·

29 1090 86 1145 tum
107 1086 209 1146 variis
224 1085 407 1161 apostolicis
428 1086 574 1158 Litteris,
590 1103 668 1162 qnae
690 1087 775 1145 iussu
797 1085 987 1146 Sanctitntis

28 1181 98 1238 Suae
119 1179 210 1256 typis
231 1179 346 1248 editae,
362 1184 396 1238 et
416 1180 620 1240 circumlatae
637 1185 720 1252 sunt,
740 1183 775 1239 ut
796 1178 903 1238 fideles
925 1174 986 1237 sibi

27 1278 169 1332 carerent
190 1292 209 1332 a
237 1272 421 1348 perniciosis
449 1273 628 1344 erroribus,
655 1273 762 1350 quiin
784 1291 823 1332 ea
844 1271 988 1330 eontine-

28 1366 144 1426 bantur.
167 1368 293 1428 Novum
325 1383 405 1425 nunc
427 1367 548 1427 accedit
575 1366 799 1426 sollicitudinis
820 1367 988 1424 documen-

27 1463 96 1532 tum,
112 1478 185 1519 cum
208 1460 368 1518 Sanctitas
391 1461 455 1520 Sua
477 1461 586 1519 rolens
608 1460 761 1531 omnibus,
785 1457 987 1536 quantumin

28 1573 53 1612 sc
71 1561 139 1628 est,
165 1557 329 1630 prodesse,
352 1554 385 1612 in
409 1573 504 1614 unum
527 1554 655 1631 colligi,
678 1560 712 1614 et
734 1554 822 1631 typis
844 1551 989 1611 mandari

27 1653 125 1718 curat,
151 1666 188 1706 ac
210 1647 335 1723 publica
356 1647 447 1722 fieri,
471 1654 505 1708 et
525 1647 702 1708 communia
722 1647 864 1706 omnibus
886 1644 988 1706 Galli-

26 1757 167 1800 cauarum
191 1739 400 1800 Ecclesiarum
422 1742 585 1819 episcopis,
602 1745 696 1818 atque
717 1738 988 1800 administratori·

26 1833 75 1892 bus
94 1833 277 1894 vacantium
299 1836 491 1894 Diocccsium
514 1836 779 1902 communionem,
797 1835 830 1892 et
851 1832 988 1908 gratiam

27 1924 321 2002 sedisapostolicae
344 1928 548 1998 habentibus,
577 1945 631 1986 nec
661 1945 720 1986 non
742 1926 815 1986 aliis
843 1925 988 1984 fidelibus

26 2020 356 2097 quibuscumqua„illa
370 2039 531 2098 responsa,
547 2021 679 2096 illasque
695 2020 880 2091 decisiones,
896 2035 986 2094 qnae,

27 2114 79 2170 etsi
106 2115 147 2174 ab
169 2117 276 2174 eadam
304 2115 483 2174 Sanctitate
504 2117 586 2188 Sua,
609 2113 717 2173 audito
738 2113 826 2190 prius
855 2110 988 2171 oonsilio

27 2207 157 2270 selectae
170 2208 384 2268 Gurdinalium
399 2209 674 2285 congregationis,
690 2206 848 2267 nonnullis
864 2210 988 2266 tantum

27 2300 202 2372 petentibus
223 2300 362 2362 traditae
383 2302 460 2372 sint,
477 2319 535 2359 non
559 2300 624 2361 alia
645 2302 683 2358 de
703 2318 809 2372 causa,
833 2299 892 2358 uisi
917 2316 990 2375 pro·

26 2397 89 2466 pter
102 2393 278 2470 peculiares
293 2411 493 2454 aerumnosas
508 2395 704 2471 singulorum
720 2392 987 2466 circumstantias,

27 2487 200 2546 adiumento
223 2490 329 2546 tamen
351 2507 443 2566 quam
473 2489 609 2548 maximo
633 2487 783 2564 praefatis
813 2488 987 2564 episcopis,

28 2583 114 2656 etque
137 2581 448 2642 administratoribus
469 2601 533 2642 esse
557 2587 699 2658 possunt,
720 2581 784 2658 qui,
801 2581 827 2640 si
850 2582 934 2640 i‘orte
955 2580 988 2639 ia

29 2676 143 2732 eosdem
167 2673 340 2735 inciderint
359 2693 468 2747 casus,
491 2675 608 2734 habeut
631 2677 710 2736 unde
733 2675 876 2751 regulam
898 2675 990 2732 desu-

30 2772 111 2825 mant
131 2766 337 2840 tutissimam,
359 2772 394 2827 nt
415 2771 448 2826 et
468 2768 660 2844 promptius,
673 2771 707 2826 et
727 2766 906 2828 accuratius
920 2783 991 2842 gra·

34 2857 161 2918 vissimis
184 2859 325 2919 fidelium
346 2859 585 2922 necessitatibus
605 2865 792 2932 occurrant,
810 2876 937 2918 necnon
953 2865 991 2916 ut

34 2951 65 3008 in
82 2955 303 3014 Ecclesiarum
332 2962 422 3014 stato
442 2971 569 3030 quoquo
596 2954 687 3014 modo
712 2955 846 3014 interim
867 2967 991 3026 compo-

31 3047 142 3118 nendo,
159 3055 306 3108 servetur
328 3050 366 3108 ab
387 3049 534 3106 omnibus
556 3065 643 3118 aaa,
667 3055 698 3106 et
718 3047 789 3123 fida
809 3045 987 3104 consensio.

31 3137 129 3198 Verba
150 3143 224 3198 suut
246 3141 278 3198 S.
294 3140 444 3217 Cypriani
459 3140 549 3214 epist.
567 3141 608 3198 32
625 3140 701 3198 edit.
718 3138 849 3198 Baluzii.

86 3233 301 3292 Pecuiiaribus
318 3235 400 3294 bisce
416 3233 688 3309 responsis,atque
700 3231 908 3291 decisionibus
920 3230 991 3292 snb·

31 3323 169 3402 iungitur
192 3327 352 3388 indultum
374 3326 509 3384 eiusdem
527 3324 715 3391 sanctitatis
737 3325 818 3382 Suae
834 3341 890 3400 pro
913 3323 991 3385 flde-

32 3417 108 3478 libus
136 3420 237 3496 Regni
259 3419 454 3492 Galliarum,
479 3418 557 3486 atii
579 3418 699 3494 possint
721 3419 777 3478 hoo
807 3417 991 3480 teterrimae

32 3513 242 3586 insectationis
264 3520 406 3594 tempore
429 3516 647 3593 Indulgentiae
668 3514 802 3586 lucrari.

853 3619 871 3656 t
