2426 4192
393 210 571 269 -171-

27 315 76 375 culi
87 315 244 378 Nobiscum
259 316 415 390 futurum,
433 316 538 377 aderit
552 333 674 392 semper
686 316 797 389 Nobis,
814 319 850 376 ut
871 317 959 378 adest

26 427 100 482 nunc,
122 427 174 468 nec
199 427 343 487 umquam
364 411 429 473 Nos
460 409 614 470 destituet
640 409 672 468 iu
703 409 961 470 tribulationibus

24 505 140 576 Nostris,
156 521 216 563 uon
238 507 274 563 ut
295 504 376 563 nihil
399 503 576 582 patiamur,
592 505 644 563 sed
668 508 704 563 ut
725 504 824 581 magis
844 503 877 563 iu
895 503 961 563 dies

23 597 173 658 conformes
193 597 268 658 iacti
290 597 421 676 imagini
435 597 595 675 passionis
616 616 708 670 suaa,
730 597 834 657 omnia
855 603 963 674 poten·

23 693 59 748 tes
70 690 99 748 iu
113 709 159 764 eo,
174 691 227 768 qui
243 709 297 752 uos
312 692 482 765 confortat,
498 692 654 768 patientes
667 692 778 764 multa,
796 691 883 750 nulla
897 709 963 752 sae·

21 786 155 847 viantium
178 790 366 850 crudelitate
395 807 597 867 superemur,
616 793 650 849 et
670 790 908 850 mausuetudine
929 794 962 848 et

20 881 67 939 fide
79 883 193 944 Nostra
207 886 243 945 ad
259 883 430 945 Ecclesiam
445 884 628 960 aagendam,
645 885 682 942 de
694 883 726 942 vi
742 888 834 959 atque
856 888 963 960 poten·

21 972 56 1031 tia
73 974 268 1036 inimicorum
290 981 469 1037 nostrorum
490 975 731 1052 triumphemus.
747 977 839 1048 Nam,
859 979 895 1034 ιιι
916 975 963 1036 ait

20 1072 126 1128 unctus
145 1070 331 1130 Ambrosius
346 1069 402 1147 (l):
416 1089 434 1131 ιι
448 1069 542 1129 Fides
556 1069 713 1128 Ecclesiae
728 1087 826 1146 neque
842 1068 874 1126 iu
897 1069 963 1145 gla-

19 1160 86 1217 ›dio
99 1180 152 1220 suo
174 1162 259 1222 ieras
273 1163 398 1239 expulit
416 1162 570 1234 nationes,
586 1179 641 1220 nec
655 1161 827 1221 certamine
848 1160 962 1220 bellico

19 1258 154 1316 »turmas
174 1257 312 1333 fugavit,
328 1259 381 1317 sed
397 1255 634 1317 mausuetudine
649 1271 684 1313 ac
706 1254 766 1314 fide
782 1257 885 1313 terras
900 1253 963 1311 ini-

18 1348 184 1408 ›micorum
207 1349 357 1426 possedit.
375 1350 470 1410 Fides
486 1347 569 1407 enim
584 1347 650 1406 sola
665 1347 831 1424 pugnavit,
847 1351 880 1406 at
894 1345 962 1404 ideo

19 1441 210 1519 »triumphos
223 1443 352 1516 meruit;
367 1443 440 1520 quia
454 1440 721 1519 persecutionibus
733 1440 797 1500 suis
813 1458 874 1498 uon
890 1439 961 1497 rin·

18 1534 118 1595 »citur
137 1537 280 1596 Ecclesia
300 1538 353 1595 sed
375 1541 520 1614 augetur.
538 1555 556 1596 ›
571 1537 662 1608 Vale,
677 1538 713 1596 D.
730 1535 767 1594 F.
783 1535 824 1594 N.
840 1535 874 1592 et
887 1549 964 1608 quo-

18 1625 85 1686 niam
105 1632 228 1692 tantam
250 1630 347 1689 animi
369 1629 554 1691 firmitatem
571 1629 628 1689 tibi
651 1627 767 1687 indidit
787 1628 880 1699 Deus,
897 1625 960 1685 noli

18 1717 42 1776 in
59 1723 274 1784 confirmandis
289 1723 444 1785 fratribus
460 1723 523 1784 tuis
538 1722 717 1798 defatigari.
734 1720 883 1798 Episcopo
899 1722 963 1780 Ru·

18 1818 190 1890 remundae,
218 1835 308 1893 quem
331 1820 506 1877 consortem
537 1814 755 1876 tribulationis
783 1831 819 1873 ao
845 1813 962 1872 socium

19 1909 248 1984 tranquillitatis
269 1912 384 1982 habes,
412 1928 516 1988 pacem
537 1927 556 1969 a
576 1909 674 1971 Nobis
701 1911 736 1967 et
762 1907 908 1984 gandium
929 1905 961 1963 iu

18 1997 45 2056 D·
58 2002 94 2062 N.
110 2005 133 2064 1.
150 2003 279 2064 Christo
302 2004 474 2077 nuntiabis,
491 2021 622 2080 eumque
643 2008 823 2076 ceterosque
844 2016 961 2070 omues,

19 2092 59 2165 qui
77 2095 170 2155 etiam
193 2115 263 2155 cum
287 2098 372 2156 vitae
394 2097 547 2173 periculo,
571 2101 607 2156 ut
627 2097 722 2155 bonos
744 2097 891 2154 Pastores
912 2093 964 2151 de·

19 2189 67 2258 oet,
80 2189 284 2264 apostolicam
301 2207 428 2266 operam
440 2193 557 2250 navant
567 2188 737 2260 Ecclesiae,
750 2186 875 2248 Nostris
890 2204 964 2246 ver-

18 2275 54 2336 bis
72 2283 210 2359 rogabis,
228 2287 263 2342 ut
284 2289 522 2360 perseverantes
549 2283 580 2340 iu
610 2281 753 2342 oratione
774 2300 792 2342 a
813 2283 849 2340 D.
872 2281 914 2343 N.
936 2281 960 2340 I.

17 2369 137 2450 Christo,
153 2375 208 2452 qui
230 2393 287 2452 pro
309 2377 453 2436 omnibus
468 2380 610 2436 mortuns
632 2379 693 2450 est,
709 2378 742 2436 et
763 2374 835 2433 vult
855 2391 962 2433 omues

17 2462 140 2528 homines
161 2470 267 2529 salvos
287 2468 375 2543 fleri,
397 2470 428 2528 in
452 2469 594 2547 precibus
621 2470 685 2529 suis
706 2470 900 2545 impetrent,
928 2470 963 2526 ut

17 2562 289 2630 praevaricantium
310 2563 448 2623 filiorum
464 2562 672 2640 perditionem
693 2565 833 2632 avertat,
849 2559 964 2619 confir-

17 2658 69 2711 met
87 2654 339 2716 imbecillitatem
361 2655 578 2727 infirmorum,
601 2655 732 2714 fortium
755 2654 907 2712 virtutem
929 2656 962 2712 et

17 2741 92 2805 fidem
113 2749 283 2825 adaugeat,
308 2750 340 2807 et
361 2746 387 2807 si
410 2749 544 2807 noudum
565 2745 801 2823 propitiationis
822 2745 889 2804 dies
909 2747 965 2805 ad-

18 2838 101 2912 venit,
116 2859 177 2917 quo
200 2840 466 2916 tranquillitatem
494 2841 605 2899 reddat
624 2839 801 2910 Ecclesiae,
824 2855 892 2897 eam
913 2837 963 2895 ri-

18 2932 112 2992 ctoriis
132 2933 273 2993 filiorum
295 2950 421 2992 suorum
444 2936 576 2992 exornet
597 2937 691 3009 atque
711 2934 835 3008 augeat.

65 3026 294 3105 Scripseramus
314 3028 463 3087 hacteuus
485 3027 540 3086 has
555 3027 681 3086 litteras
703 3026 739 3085 ad
756 3028 788 3083 te
810 3040 879 3081 cum
894 3038 964 3081 ecce

17 3113 119 3180 alteras
141 3119 312 3197 accipimus
339 3122 410 3179 tuas
432 3119 537 3179 triduo
559 3122 630 3196 post
657 3120 746 3179 datas
768 3135 804 3176 ac
826 3113 966 3192 superio·

17 3225 58 3268 res
75 3213 214 3275 fuerunt.
231 3216 266 3273 ln
288 3213 337 3272 his
351 3211 479 3273 nuntias
500 3212 811 3288 archipresbyterum
832 3207 964 3269 Mechli-

17 3300 140 3366 niensem
162 3325 233 3366 cum
248 3308 374 3367 doctore
395 3305 598 3379 Lovaniensi,
615 3310 813 3380 utrumquee
834 3318 963 3361 numero

68 3506 104 3561 (l)
120 3506 239 3554 Enarrab-
257 3505 286 3553 ln
301 3505 395 3554 Psalm.
413 3505 453 3552 aa.
