2424 4196
221 292 295 352 aliis
315 293 425 365 etiam,
446 310 523 369 qnos
544 291 603 352 tibi
624 291 655 348 in
676 292 782 350 codem
804 308 878 351 casu
899 308 969 350 esse
991 286 1155 358 constiterit

223 386 273 446 uti
295 386 412 458 valeas,
427 384 615 463 prudentiae
637 388 710 445 tuae
731 385 853 458 conlisi,
869 384 996 462 tuisque
1016 381 1192 464 postulatis

223 479 357 556 benigne
371 479 518 539 inclinati
533 479 743 539 concedimus.
1190 491 1199 504 ‘¹

284 574 431 633 Ceterum
441 574 522 654 quod
537 591 634 648 super
647 573 763 632 cuniis
774 573 877 642 rebus,
891 587 979 648 quae
988 572 1032 628 sit
1045 519 1199 627 τΜ

224 670 390 726 sententia
410 669 447 726 ad
468 669 619 727 Nostrum
640 666 853 744 apostolatum
873 663 1029 736 retulisti,
1043 661 1199 722 iurelln·

225 759 274 819 bis
294 760 413 836 tibique
435 761 653 837 gratulamur3
676 765 708 820 te
729 759 857 818 ineundi
877 758 1082 835 Episcopatus
1099 771 1199 812 cun·

225 853 455 913 mandationem
477 855 516 914 ab
536 853 680 931 exemplo
705 852 851 923 duxisse,
874 852 955 928 quod
975 851 1008 909 in
1030 843 1159 910 Africanis
1198 864 1199 898 1

225 945 377 1007 Patribus
384 947 685 1023 Carthaginensibus
698 951 733 1006 et
747 944 942 1006 Milcvitanis
953 943 1077 1004 meritis
1087 937 1160 1001 laudi·
1198 954 1199 960 ’

225 1039 284 1098 bus
292 1041 464 1100 exornavit
473 1045 693 1117 praedecessor
703 1042 821 1101 Noster
832 1039 866 1099 S.
881 1039 1082 1100 Innocentius
1091 1033 1159 1112 ill),

226 1133 305 1208 qnod
319 1132 467 1192 nimirum
483 1134 631 1209 antiquae
644 1132 772 1209 regulae
790 1131 920 1191 formam
944 1132 1048 1192 secuti
1066 1126 1161 1208 cquid·
1198 1149 1199 1156 ¹

225 1227 308 1304 quid
324 1229 475 1303 quamuis
487 1229 618 1287 remotis
635 1226 873 1304 disiunctioque
881 1229 1066 1302 provinciis
1080 1238 1161 1300 apuu·
1198 1217 1199 1244 ³

227 1327 293 1391 tur,
303 1337 370 1379 non
377 1323 473 1396 prius
484 1321 639 1381 ducerent
645 1322 842 1400 finiendum,
855 1322 924 1380 nisi
935 1320 979 1379 ad
989 1320 1088 1379 buius
1096 1316 1161 1377 Sedit

224 1417 382 1474 notitiem
394 1417 592 1490 perveniret,
608 1423 645 1474 ut
665 1423 735 1474 totu
755 1417 854 1476 buius
868 1415 1162 1485 auctoramentum

226 1525 310 1584 quae
330 1511 434 1586 fuerit
454 1511 687 1584 pronunciatio
706 1512 909 1587 firmaretur.
933 1507 1094 1583 Valdeque
1114 1518 1163 1580 pro·
1198 1517 1199 1545 ³

226 1606 336 1678 pterea
351 1601 382 1661 in
399 1603 530 1662 Domino
551 1603 734 1663 confidimus
749 1603 830 1673 fore,
852 1605 889 1662 ut
911 1601 1084 1679 praeclaris
1103 1597 1162 1656 hisu
1193 1589 1199 1669 ’ᾗ

225 1691 326 1755 initiis
347 1695 446 1755 totins
462 1699 534 1756 tuae
548 1695 831 1756 administrationis
845 1696 878 1754 in
893 1695 1016 1756 illustri
1034 1693 1092 1755 tibi
1105 1707 1163 1750 con·
1194 1685 1195 1735 l

225 1791 374 1849 mundata
384 1789 525 1850 Ecclesia
536 1808 645 1850 cursus
659 1791 824 1866 exitusque
837 1791 1038 1866 respondeat.
1053 1790 1086 1849 In
1099 1783 1163 1844 cuius
1196 1817 1199 1828 n

224 1881 294 1942 voti
318 1883 447 1956 Nostri,
472 1885 701 1961 Nostraeque
692 1903 724 1943 in
749 1889 782 1943 te
810 1882 1050 1942 benevolentiae
1079 1881 1199 1958 pignul

224 1976 435 2051 Apostolicam
452 1977 698 2038 benedictionem
714 1977 785 2050 tibi,
802 1977 917 2036 dilecte
932 1977 1011 2050 Fili,
1030 1989 1199 2055 peraman

224 2069 276 2127 ter
296 2069 509 2146 impertimur.

284 2163 397 2220 Datum
421 2164 540 2223 Romae
561 2163 612 2224 die
641 2164 716 2224 XVI
743 2163 923 2223 Decembris
950 2157 1164 2225 MDOOXGVll

224 2252 431 2313 pontificatus
452 2256 562 2316 Nostri
583 2271 664 2316 anno
685 2258 803 2317 XXIII.

635 2446 778 2503 xm.
831 2393 837 2405 =

489 2548 607 2630 rius
641 2547 920 2630 nrrsuorus

357 2763 480 2822 Servus
502 2764 679 2822 Servorum
700 2763 764 2822 Dei
787 2764 832 2821 ad
851 2765 1057 2832 perpetuam

410 2933 415 2943 .
533 2856 586 2915 rei
606 2854 803 2914 memoriam
818 2851 875 2932 (2).

278 3003 398 3064 christi
420 3003 577 3064 Ecclesiae
599 3005 754 3080 regendae
768 3002 900 3062 officium
915 3002 977 3061 etsi
992 2997 1167 3079 quotidianis

221 3096 413 3174 assiduisque
424 3097 508 3157 curis
520 3097 694 3158 subiectum
710 3115 832 3174 semper
846 3097 957 3169 fuerit,
975 3114 1067 3157 omne
1082 3102 1167 3155 tantu

221 3194 343 3269 tempus
366 3189 572 3251 Pontificatus
592 3189 701 3251 Nostri
723 3189 989 3252 extraordinariis
1003 3190 1169 3268 quibusdan

282 3353 321 3408 (1)
335 3353 414 3410 nput.
428 3353 482 3400 181.
495 3352 549 3399 182.
562 3363 602 3409 ap.
617 3351 753 3409 Augustin.
767 3353 836 3400 'lona
849 3353 884 3399 11.
896 3351 1085 3400 adiuuante.

282 3428 320 3481 (i)
336 3428 444 3474 Latinus
454 3429 540 3474 textus
554 3427 749 3474 Constitutionis
759 3427 835 3474 istius
851 3425 901 3488 qui
918 3423 961 3474 bic
972 3426 1118 3485 cubitalia,
1133 3433 1172 3471 nou

224 3501 365 3550 oenandae
380 3505 420 3550 eat
436 3502 577 3561 onaculis,
595 3503 679 3560 qualis
695 3503 793 3550 seilicet
808 3503 902 3563 prodiit
913 3504 944 3550 ab
956 3505 1103 3564 Apostolloa
1112 3497 1172 3551 Sulltl
