2424 4196
206 314 936 385 ematemalisalieraturremediumlloeoerte
945 313 1171 392 tempus(qnod
1207 319 1208 388 l

205 411 326 472 utinam
347 411 572 488 quamprimum
593 413 656 471 Deo
674 410 846 470 miserante
861 408 1025 487 adveniat)
1045 411 1111 470 Nos
1129 410 1174 467 et·

204 504 424 565 iammaxime
445 510 657 581 expectamus,
674 509 710 564 ut
723 505 841 564 Nostra
855 502 965 562 itidem
987 501 1172 578 Apostolicn

204 617 280 659 voce
301 616 358 676 per
377 598 559 657 universam
582 597 717 674 Galliam
733 596 856 668 diffusa,
873 613 996 654 omnem
1012 595 1107 654 illam
1122 613 1172 653 na·

205 692 323 754 tionem
338 711 358 752 a
372 693 549 770 perniciosa
563 692 752 752 discessione
766 707 916 751 revocare
936 692 1125 762 contendat,
1140 707 1171 748 ac

204 787 373 866 pristinum
395 785 612 846 sanctissimae
626 783 792 868 religionis
805 781 992 842 exercitium
1008 783 1150 862 ubique'
1141 802 1209 842 ιι

204 882 281 940 adeo
293 879 458 939 convulsas
471 877 636 954 impietate
651 875 830 962 provincias
841 876 1025 936 restituere.
1039 876 1171 936 Omnino

203 973 306 1051 igitur
319 972 481 1043 convenit,
497 974 591 1048 prout
606 969 811 1041 existimasti,
827 970 943 1030 dilecte
957 969 1024 1029 Fili
1041 973 1168 1040 Noster,

205 1071 243 1128 ut
254 1072 309 1126 tua
323 1069 507 1126 reservetur
522 1065 657 1141 epistola
670 1066 707 1126 ad
725 1071 859 1141 tempus,
874 1084 935 1142 quo
949 1066 1063 1125 sedata
1078 1066 1170 1125 fuerit

203 1159 392 1240 persecutio,
414 1178 450 1219 ac
464 1159 598 1237 epistola
611 1161 729 1221 Nostra
744 1159 960 1236 praecesserit,
977 1161 1014 1218 ut
1030 1159 1170 1219 fructuo-

203 1254 268 1315 sior
288 1272 354 1313 esse
375 1254 474 1329 possit
495 1258 551 1313 tua
571 1253 741 1330 pastoralis
763 1255 795 1312 S.
820 1252 909 1313 Sedis
936 1252 1079 1312 decretis
1100 1271 1168 1312 con-

203 1348 340 1408 formata
360 1347 543 1408 instructio.
1209 1401 1210 1422 ,

168 1513 171 1520 ,
264 1443 390 1500 Interea
411 1458 480 1500 eum
502 1457 570 1498 eam
592 1435 840 1498 Instructionem
867 1443 953 1499 tuam
980 1438 1169 1516 perlegisse-
1209 1425 1210 1442 ¹

203 1551 284 1607 mus,
307 1533 458 1593 nonnulla
479 1531 665 1609 reperimus,
689 1549 767 1608 quae
789 1531 974 1608 prudentiae
997 1535 1075 1593 tuae
1098 1551 1170 1592 con-

162 1613 166 1622 ’
203 1628 370 1688 sideranda
381 1643 605 1702 proponamus3
622 1630 734 1701 utpote
747 1643 826 1702 qnae
840 1626 969 1685 enodari
985 1626 1169 1687 distinctius
1210 1619 1211 1654 ³

202 1718 416 1798 explicarique
439 1719 619 1779 accuratius
641 1718 815 1795 postulent.
839 1721 883 1779 Ut
904 1718 1019 1796 pagina
1034 1721 1169 1796 septima
1208 1707 1211 1748 '¹

202 1813 375 1884 «Hostiae,
398 1811 514 1888 inquis,
537 1830 557 1871 a
577 1811 793 1872 Schismaticis
813 1817 1013 1872 consecratae
1036 1813 1071 1871 in
1087 1831 1168 1873 com·
1210 1809 1211 1826 ³

202 1907 383 1968 »munione
410 1904 565 1964 Fidelinm
589 1922 649 1963 non
671 1905 924 1978 distribuantur;
946 1908 998 1964 sed
1021 1908 1169 1967 sacerdos

201 1999 308 2061 »illas
329 2001 362 2058 in
385 2017 459 2058 vase
480 1999 593 2058 mundo
615 2001 710 2075 atque
731 1998 763 2056 in
785 1998 891 2075 aliquo
906 1999 973 2058 loeo
987 2017 1094 2073 sacro,
1114 2019 1168 2060 non

202 2099 340 2157 »tamen
369 2093 602 2166 tabernaculo,
621 2093 769 2169 deponat,
792 2098 826 2152 et
846 2095 872 2152 sl
894 2094 932 2153 ob
960 2096 1168 2170 suspicionem

202 2188 402 2250 »celebrans
424 2192 494 2263 post
514 2186 763 2245 communionem
785 2203 845 2244 nou
860 2191 1010 2258 sumeret,
1026 2206 1115 2264 aqna
1130 2188 1170 2248 di·

201 2281 320 2341 »lotas
334 2283 368 2338 et
382 2284 547 2353 corruptas
562 2278 594 2336 in
610 2279 784 2338 sacrarium
798 2279 958 2356 proiiciat.
971 2296 989 2338 r
1001 2283 1047 2341 At
1064 2287 1104 2342 ut
1119 2294 1169 2342 tm

201 2375 278 2434 haee
299 2372 506 2450 praescriptio
527 2372 633 2449 plane,
656 2377 751 2449 prout
771 2373 876 2446 debet,
897 2375 1078 2436 consentiat
1101 2395 1167 2435 anm
1206 2384 1210 2395 '

201 2467 338 2530 rubricis
359 2467 392 2525 iu
413 2466 533 2527 missali
555 2466 720 2542 expositis,
743 2469 881 2542 oportet,
905 2471 942 2527 ut
956 2466 1043 2527 hisce
1061 2471 1167 2529 verbis

189 2559 398 2638 ¹declaretur:
420 2559 556 2619 Hostiae
578 2578 599 2619 a
619 2559 821 2620 schismatico
846 2561 1032 2636 presbytero
1057 2577 1167 2622 conse·
1210 2621 1211 2634 ,

202 2663 313 2718 maiae
333 2654 551 2715 asservandus
571 2662 680 2724 cruat,
697 2653 797 2712 donec
811 2655 929 2729 specics
942 2665 1166 2715 sacramenta·
1210 2653 1211 2658 ’

203 2751 247 2810 les
258 2749 388 2824 suerint
401 2748 533 2807 omnino
548 2755 718 2822 corruptae
725 2765 738 2818 ,·
752 2754 850 2824 atque
860 2756 933 2822 post
945 2751 1166 2809 omnimodam

201 2856 311 2900 eoram
331 2836 571 2916 corruptionem
592 2841 630 2899 in
643 2842 826 2900 sacrariam
840 2857 896 2899 seu
905 2841 1075 2915 piscinam
1090 2844 1168 2901 inii-

201 2936 346 2995 cinaeum

260 3028 381 3104 Pagina
402 3043 479 3086 vero
495 3044 577 3086 nona
590 3027 705 3086 iustam
720 3044 889 3102 veramque
905 3044 978 3086 sane
993 3029 1120 3102 profers
1135 3030 1163 3087 in

200 3121 276 3181 haee
299 3119 395 3180 verba
413 3117 614 3178 sententiam:
632 3118 898 3180 ‹Glandestinum
919 3121 953 3179 et
973 3119 1099 3196 pariter
1121 3121 1166 3179 in·

199 3218 436 3282 ›validandnm
456 3222 506 3277 est
526 3215 761 3276 matrimonium
782 3218 973 3278 celebratum
989 3235 1095 3278 coram
1117 3220 1166 3277 in·

199 3316 334 3384 etrusc,
358 3314 414 3370 ant
435 3310 499 3370 alio
521 3311 560 3369 ab
581 3311 638 3369 hoc
659 3312 819 3386 deputato.
835 3329 855 3372 a
871 3314 988 3371 Verum
1004 3329 1074 3371 eum
1088 3331 1162 3372 con-

199 3403 324 3480 tingere
338 3404 439 3481 possit
458 3402 564 3479 aliquo
586 3404 618 3461 in
640 3403 720 3477 loco,
736 3408 773 3463 ut
785 3405 950 3465 deficiente
967 3407 1102 3483 parocho
1116 3407 1164 3464 le·

199 3495 333 3577 gitimo,
359 3497 412 3556 vel
439 3495 502 3557 alio
531 3497 692 3556 sacerdote
719 3499 757 3557 de
777 3497 907 3576 parochi
927 3515 981 3559 seu
1002 3497 1162 3560 ordinarii
