2426 4192
36 359 83 418 per
102 341 341 401 confirmandam
362 339 554 400 curavimus.
571 335 687 398 Nullae
709 333 861 411 siquidem
881 332 985 394 Litte-

35 453 79 494 rae
92 452 110 493 a
124 434 218 494 Vobis
232 435 447 510 pervenerunt
457 432 494 490 ad
510 433 587 504 Nos,
600 430 712 506 quibus
723 445 784 488 non
797 429 845 487 ita
859 443 981 503 semper

32 526 201 602 responderi
223 526 417 597 iusserimus,
433 530 470 585 ut
490 522 718 600 intelligeretis
741 519 851 593 simul,
867 524 901 579 et
922 537 981 595 quo

32 619 89 678 loco
119 621 302 678 haberemus
334 618 551 678 admirabilem
581 617 735 676 virtutem
757 615 926 686 Vestram,
949 615 983 672 et

33 717 137 787 quanto
158 713 267 772 dolore
288 711 481 772 afficeremur
510 711 549 770 ob
570 708 775 787 gravissimas
796 723 980 778 aerumnas,

32 806 130 896 quibus
150 805 370 878 iactabamini,
394 810 427 866 et
447 823 539 882 quam
561 805 764 864 vehementer
789 802 885 862 solari
906 803 980 873 Vos,

32 903 113 976 atque
135 901 166 958 in
200 900 380 960 virtute'D·
402 902 441 961 N.
466 899 534 959 lesu
557 898 676 959 christi
708 897 913 969 confortare,
934 899 983 954 at·

32 1011 81 1068 qne
100 994 225 1070 erigere
238 994 357 1054 animos
379 995 510 1053 Vestros
526 993 733 1052 studeremus
750 992 847 1058 Quam
863 987 985 1066 signifi-

32 1086 175 1146 cationem
190 1092 341 1163 paternae
354 1086 535 1159 charitatis,
551 1104 612 1163 qua
632 1087 705 1158 Vos,
730 1087 912 1160 ceterosque
932 1082 984 1140 in·

32 1179 122 1240 victos
142 1181 234 1240 Fidei
255 1181 448 1241 confessores
469 1180 675 1241 Venerabiles
696 1181 828 1239 Fratres
848 1179 982 1238 Nostros

30 1290 139 1349 semper
154 1273 311 1350 complexi
333 1293 449 1346 sumus,
466 1274 493 1333 si
507 1277 601 1334 antea
622 1271 763 1331 dedimus
779 1269 887 1342 Vobis,
903 1267 983 1326 mul-

31 1367 57 1422 to
77 1384 153 1425 nunc
176 1366 288 1443 magis,
304 1368 342 1426 ad
361 1367 586 1438 consolandos,
610 1383 645 1425 ac
667 1363 896 1423 confirmandos
914 1359 984 1418 ani-

31 1477 86 1518 mos
115 1462 248 1519 Vestros
276 1460 408 1520 dandam
431 1477 615 1531 censemus,
636 1476 706 1518 cum
734 1456 896 1516 videamus
918 1455 983 1512 Vos

30 1555 280 1633 magnitudinem,
296 1573 332 1614 ac
347 1554 591 1614 diuturnitatem
615 1568 836 1612 aerumnarum
853 1551 985 1610 Vestra.

30 1666 89 1707 rum
110 1648 228 1708 oblitos
250 1651 339 1708 tanto
361 1648 393 1705 in
415 1664 560 1706 moerore
587 1651 733 1722 metuque
762 1643 884 1704 versari
913 1660 984 1719 pro-

31 1746 92 1815 pter
118 1761 191 1813 esa,
215 1741 326 1817 quibus
346 1744 451 1815 Deus,
474 1757 530 1818 per
556 1757 707 1799 summam
734 1737 981 1798 misericordiam

32 1853 127 1909 snam,
150 1836 190 1896 ad
214 1833 346 1893 salutem
368 1837 516 1896 Nostram
539 1833 725 1911 operandam
747 1834 778 1891 in
799 1831 914 1906 Nobis,
938 1830 985 1889 di·

32 1945 95 2002 gnos
121 1930 192 1989 Nos
214 1927 325 1987 habuit
346 1925 401 2006 (l).
432 1928 467 1986 ln
499 1945 558 2003 quo
580 1930 684 1987 tamen
713 1925 740 1984 si
767 1926 804 1982 de
826 1923 983 1984 Ecclesiae

31 2022 159 2096 periculo
189 2021 220 2080 in
249 2021 389 2096 periculo
417 2024 534 2083 Nostro
563 2019 706 2094 timetis,
729 2020 892 2080 laudamus
919 2018 984 2077 Nos

30 2118 138 2191 quidem
153 2117 400 2176 sollicitudinem
413 2119 572 2190 Vestram,
589 2118 641 2176 sed
657 2118 750 2178 simul
764 2115 980 2177 tribulationis

28 2208 92 2284 vim,
107 2229 172 2288 qua
186 2211 285 2286 pressi
301 2211 388 2282 estis,
412 2210 620 2288 agnoscimus,
647 2230 725 2288 quae
748 2210 826 2271 facit
853 2213 890 2268 ut
911 2227 981 2267 cum

31 2303 71 2360 tot
95 2305 152 2364 Dei
184 2303 344 2379 promissis
371 2304 543 2364 Ecclesiam
557 2357 560 2364 .
575 2323 741 2380 numquam
771 2303 982 2374 defecturam,

29 2411 203 2473 semperque
216 2397 246 2455 in
259 2398 517 2458 tribulationibus
528 2397 740 2458 florentiorem
753 2397 894 2456 futuram
907 2395 984 2456 scia-

30 2487 75 2559 tis,
98 2490 190 2550 vacui
214 2497 315 2550 tamen
337 2495 422 2551 metu
446 2494 482 2551 de
504 2491 591 2553 illius
613 2492 752 2569 periculo
774 2492 805 2551 in
829 2490 983 2550 discrimi-

31 2598 60 2639 ne
79 2585 198 2646 Nostro
220 2603 285 2645 esse
300 2604 359 2645 non
376 2585 513 2662 possitis.
529 2587 563 2646 Si
586 2604 661 2646 vero
676 2604 754 2662 quae
776 2587 840 2647 Nos
855 2584 915 2660 ipsi
930 2601 985 2660 pa·

30 2675 130 2750 timur,
148 2678 304 2738 sollicitos
324 2679 440 2737 habent
462 2680 543 2752 Vos,
566 2682 698 2755 propter
719 2696 786 2737 eam
809 2676 984 2754 aegritudi-

31 2784 108 2844 nem,
130 2791 193 2849 qua
214 2771 350 2831 animum
379 2774 529 2832 Nostrum
551 2773 582 2831 in
606 2774 663 2831 hoc
692 2772 789 2831 exilio
809 2771 983 2830 confectum

31 2863 235 2937 arbitramini,
252 2865 335 2941 grati
357 2866 422 2924 Nos
443 2865 566 2942 quidem
583 2884 689 2924 sumus
708 2865 857 2925 charitati
873 2865 904 2923 in
919 2865 983 2923 Nos

32 2954 170 3030 Vestrae,
186 2965 403 3018 verumtamen
426 2961 490 3019 Vos
511 2979 580 3020 cum
602 2960 752 3036 Apostolo
772 2959 978 3018 obsecramus:

30 3050 100 3110 «Ne
114 3051 339 3128 angustiemini
355 3053 386 3110 in
401 3053 509 3125 Nobis,
523 3071 577 3112 nec
589 3053 743 3112 deficiatis
755 3052 787 3110 in
801 3048 983 3110 tribulatio-

31 3141 111 3204 nibus
131 3143 270 3217 Nostris,
287 3160 305 3202 a
320 3143 390 3204 fieri
411 3145 493 3204 enim
509 3164 568 3205 non
591 3147 706 3222 potest,
722 3148 759 3203 ut
779 3143 922 3222 quamvis
934 3146 984 3202 tot

30 3237 154 3297 adversa
174 3238 324 3309 feramus,
344 3238 411 3297 ulla
431 3239 525 3298 animi
548 3237 747 3315 aegritudine
768 3237 983 3310 conficiamur,

31 3327 156 3391 scientes
179 3331 268 3390 nulla
283 3331 346 3392 alia
366 3331 397 3388 in
420 3334 590 3390 rotantem
606 3330 739 3408 gloriam
760 3331 873 3404 inesse,
889 3349 985 3408 quan-

85 3461 121 3514 (l)
136 3459 200 3506 Vide
215 3460 244 3506 in
259 3460 405 3518 Appendice
413 3461 492 3506 huius
506 3459 570 3506 tomi
580 3460 714 3518 epistolam
723 3460 913 3520 Episcopcmm,
927 3461 986 3520 qul-

30 3529 72 3580 bus
86 3535 130 3583 hic
145 3536 281 3596 respondet
296 3537 358 3584 Pina
373 3539 418 3584 VI.
