2426 4192
394 196 572 256 -alr-

31 321 104 379 qnam
123 302 304 380 sacrilegum
325 301 446 362 facinus
465 301 708 375 detestantibus,
723 302 796 364 aliis
816 321 834 362 e
854 307 965 366 contra

32 396 65 468 id,
78 396 158 458 salva
169 394 370 468 couscientia,
385 393 491 454 emitti
502 412 590 472 possa
604 395 874 468 contendentibus,
888 396 966 456 San·

30 489 167 550 alissimus
179 489 327 550 Dominus
344 491 461 550 Noster
481 506 538 564 pro
551 507 599 562 ea,
614 507 676 566 qua
695 492 842 562 tenetur,
865 488 966 549 eccle·

31 581 125 642 aarum
156 582 292 642 omnium
315 579 529 642 sollicitudine
554 582 797 659 congregationi
818 580 967 644 dandina·

29 674 89 732 lium
101 693 155 752 pro
167 675 369 752 expediendis
382 674 517 753 negotiis
527 675 564 736 ad
581 681 776 752 praesentem
792 674 965 753 gallicanae

29 768 165 830 Ecclesiae
178 770 274 830 crisin
287 769 499 848 spectantibus
513 769 679 831 institutae
694 769 906 840 demandavit,
929 770 966 828 nt

28 879 80 922 rem
99 868 221 926 maturo
242 864 379 924 examini
404 864 593 936 subiiceret,
614 863 749 941 quidque
769 863 855 925 circa
875 863 964 924 illam

27 959 158 1032 agendmm
179 960 438 1034 statuendamque
459 958 685 1030 arbitraretur,
702 960 740 1018 ad
764 976 795 1018 se
816 957 964 1018 referret.

28 1050 86 1109 Sine
99 1070 183 1114 mora
196 1053 280 1113 iusso
294 1068 426 1129 paruere
438 1051 634 1124 cardinales,
649 1069 686 1111 ac
701 1051 872 1128 perpensis,
887 1069 965 1127 quae

27 1159 70 1218 pro
87 1149 117 1204 et
129 1151 239 1207 contra
258 1146 397 1217 stabant,
413 1143 601 1216 rationibus,
618 1145 655 1204 ad
680 1162 774 1204 unum
790 1161 895 1203 omnes
915 1145 966 1204 iu-

28 1236 151 1298 dicarunt
171 1243 401 1299 sacramentum
423 1239 487 1298 odii
509 1239 614 1316 regiae
636 1237 804 1314 potestatis
826 1235 875 1315 (Je
891 1237 965 1313 jure

30 1326 105 1389 haine
123 1337 142 1390 a
161 1332 194 1392 la
225 1333 358 1409 royaute
379 1337 413 1392 et
439 1338 458 1390 a
477 1331 671 1402 l'anarchie,
697 1332 913 1391 attachement
932 1331 966 1387 et

27 1419 127 1484 fidelits
145 1431 165 1484 a
184 1426 218 1486 la
231 1424 415 1501 republiqus
436 1430 469 1484 et
482 1430 501 1483 a
515 1424 548 1484 la
567 1423 775 1485 constitution
791 1425 828 1483 de
843 1423 905 1482 l'an
919 1422 964 1498 3),

27 1517 131 1579 divinae
151 1521 216 1598 legi
231 1537 419 1596 repugnare.
436 1521 511 1581 Gom
534 1521 639 1580 autem
661 1518 769 1580 iamin
791 1536 828 1578 eo
847 1521 963 1590 essent,

27 1616 55 1670 nt
65 1614 202 1674 Pontifici
224 1625 313 1673 suam·
333 1614 520 1673 sententiam
542 1612 716 1690 aperirent,
731 1629 799 1672 ecce
820 1611 966 1672 lacrima·

27 1701 83 1764 bilis
101 1707 155 1767 illa
173 1708 292 1768 almam
316 1705 423 1764 urbem
444 1705 550 1767 obruit
571 1709 790 1783 caustrophe,
812 1723 889 1783 qnae
912 1722 966 1764 ne-

28 1799 161 1872 gotiorum
182 1801 322 1860 omnium
342 1799 429 1859 fllum
452 1800 595 1877 abrupit,
618 1803 652 1860 et
672 1800 773 1860 dictae
787 1801 966 1876 congrega·

28 1891 103 1953 tionis
122 1896 262 1955 membra
282 1893 460 1970 dissipavit.

72 1992 215 2049 Attamen
238 2006 277 2048 ne
297 1988 440 2064 quaestio
461 1988 544 2048 tanti
573 1988 740 2059 momenti,
763 1987 849 2048 circa
873 2005 965 2065 quam

27 2079 101 2144 dubia
120 2085 210 2144 brevi
234 2081 398 2144 exoritura
418 2100 496 2153 esse,
513 2100 643 2159 pronum
665 2088 737 2142 erat
756 2082 965 2159 praevidere,

28 2169 50 2228 in
67 2176 207 2254 ambiguo
230 2180 385 2243 maneret,
400 2176 681 2237 reverendissimus
695 2178 842 2236 Dominus
856 2176 894 2234 de
909 2176 967 2234 Pe·

28 2263 79 2336 dra,
92 2269 259 2345 Episcopus
279 2267 464 2342 Isaurensis,
479 2268 533 2344 qni
552 2268 812 2346 congregationis
833 2271 968 2328 secreta-

26 2355 77 2417 rius
95 2361 221 2434 inerat,
244 2360 448 2420 Sanctissimo
468 2361 600 2420 Domino
621 2363 739 2422 Nostro
766 2361 799 2420 in
822 2348 966 2423 Tusciam

26 2448 74 2509 iam
87 2454 143 2514 iam
158 2456 341 2534 profecturo
361 2454 572 2526 renuntiavit,
594 2473 743 2532 quaenam
759 2457 967 2518 cardinalium

26 2541 92 2605 circa
109 2548 305 2623 praedictum
324 2546 533 2608 iuramentum
556 2565 642 2606 mens
664 2566 700 2608 aa
722 2549 880 2610 sententia
899 2550 968 2609 fue-

25 2635 70 2708 rit,
88 2657 219 2718 enmqua
236 2641 385 2718 rogavit,
409 2640 538 2718 utquid
561 2642 598 2699 de
619 2659 655 2700 eo
677 2643 843 2702 tenendum
871 2646 965 2716 esset,

26 2743 83 2790 snae
97 2736 179 2794 vocis
199 2733 329 2794 oraculo
343 2735 536 2794 decerneret.
551 2735 658 2794 Petito
679 2736 829 2795 Pontifex
843 2737 965 2808 annuit,

26 2823 163 2903 edixitque
176 2828 388 2887 iuramentum
401 2827 579 2886 huiusmodi
591 2845 719 2904 prorsus
730 2828 877 2888 illicitum
887 2847 965 2902 essa,

26 2912 115 2979 iubens
134 2920 263 2980 insimul
283 2921 487 2996 praelaudato
507 2921 664 2981 Isaurensi
684 2921 839 3000 episcopo,
864 2939 966 2998 quem,

25 3017 208 3092 suscepturus
236 3015 406 3088 exsilium,
432 3014 574 3074 suumin
597 3016 673 3075 urbe
701 3015 855 3075 vicarium
877 3015 969 3076 insti·

26 3100 126 3178 luebat,
142 3110 178 3166 ut
200 3109 259 3167 hoc
280 3112 406 3167 sanctae
427 3107 516 3166 Sedis
541 3108 691 3167 indicium
713 3108 871 3168 occasione
893 3111 968 3170 nata

26 3199 199 3273 propalaret.

71 3292 131 3352 Nec
151 3293 205 3354 diu
228 3293 330 3353 deluit
350 3293 426 3352 iussi
448 3293 635 3371 exsequendi
656 3293 887 3371 opportunitas.
903 3297 969 3356 Re-

27 3387 252 3447 vereudissimns
266 3388 377 3464 quippe
399 3388 579 3448 Gressensis
591 3388 754 3465 episcopus
772 3389 852 3449 haud
867 3389 967 3450 multo

26 3477 83 3546 post
94 3481 156 3542 tria
167 3483 252 3542 circa
267 3486 495 3542 sacramentnm
510 3479 575 3540 odii
593 3481 686 3542 dubia
699 3482 871 3544 Sanctitati
886 3484 967 3544 Suae
