2424 4196
228 313 334 387 donis,
355 319 422 374 tum
443 317 476 374 et
496 331 590 374 curae
611 313 787 375 animarum
809 315 849 375 ab
869 315 995 375 intruso
1018 318 1183 394 susceptae.

227 410 332 484 Atque
353 409 403 467 his
423 407 547 484 quidem
569 408 631 468 iam
653 414 726 468 ante
742 410 779 468 de
793 409 975 485 Apostolica
995 410 1185 488 benignitate

228 502 389 578 provisum
410 507 460 562 est
474 519 529 578 per
543 503 748 561 memoratum
763 501 919 563 Nostrum
934 505 1037 562 Breve
1052 504 1090 562 ad
1105 523 1186 580 prae-

227 595 420 656 decessorem
450 601 559 668 tuum3
581 613 642 673 quo
663 595 849 655 facultatem
877 595 1009 655 fecimus
1037 599 1184 656 sacerdoti

227 689 358 749 cuilibet
372 691 410 749 ad
425 687 634 748 confessiones
648 688 848 765 excipiendas
861 689 1034 765 approbato
1049 708 1106 767 per
1119 693 1185 750 Lin-

228 786 336 844 derum
365 782 509 861 eligendo
537 800 607 842 eum
633 782 672 840 ab
693 781 837 842 admissis
864 782 966 858 culpis
993 783 1182 855 absolvendi,

227 877 384 954 praestita
405 879 478 936 ante
501 875 716 935 satisfactione
734 893 789 953 per
803 877 905 935 Breve
918 878 1075 936 Nostrum
1090 876 1139 934 dia
1153 876 1182 934 13

227 969 309 1030 lunii
333 969 795 1043 17921ndi0ta,firmatamen
818 972 965 1044 manente
991 968 1181 1044 suspensione

229 1063 264 1121 et
283 1061 537 1138 irregularitate.
554 1062 702 1123 Alterum
725 1066 786 1134 est,
803 1065 840 1123 de
862 1063 981 1140 quoad
1003 1065 1069 1123 Nos
1090 1063 1183 1138 proxi·

228 1154 288 1214 mis
310 1157 374 1216 tuis
390 1155 516 1216 litteris
537 1155 699 1229 retulisti,
722 1158 883 1234 proposita
904 1174 1015 1234 nempe
1035 1155 1180 1216 dubitatio

229 1247 266 1306 dc
288 1249 418 1308 Linderi
448 1248 668 1322 ordinatione,
697 1249 803 1310 valida
832 1269 870 1308 nc
898 1249 997 1309 fuerit
1021 1268 1061 1309 an
1085 1249 1179 1307 irrita:

228 1359 319 1418 quam
341 1342 569 1402 dubitationem
591 1342 710 1418 duplici
731 1360 772 1400 ex
793 1343 897 1420 capite
918 1344 1081 1403 subortam
1094 1341 1178 1403 Nobis

228 1435 304 1494 item
338 1437 559 1511 praedecessor
587 1436 661 1494 tuus
689 1437 846 1513 exposuit.
873 1435 1016 1495 Primum
1043 1434 1179 1494 videlicet

229 1528 308 1604 qnod
332 1546 401 1587 cum
423 1529 463 1588 ab
489 1529 612 1589 intruso
640 1529 810 1590 Parisiensi
835 1530 964 1589 Gobelio
986 1527 1180 1588 consecratio·

227 1621 277 1681 nis
299 1640 410 1681 munna
431 1624 588 1700 acceperit
609 1625 751 1683 intrusus
771 1622 969 1695 Brindclius‚
992 1624 1066 1681 hinc
1091 1625 1180 1680 metus

226 1715 365 1776 Lindero
380 1715 525 1788 iniectus,
543 1734 580 1776 ne
595 1716 678 1776 forte
700 1715 814 1793 impius
828 1716 884 1776 ille
899 1717 1048 1776 Gobelius
1070 1716 1101 1774 iu
1122 1732 1181 1792 per·

227 1810 347 1886 agenda
367 1809 522 1870 Brindclii
543 1811 778 1870 consecratione
803 1810 1009 1870 necessariam
1038 1810 1180 1868 intentio·

227 1918 298 1960 nem
320 1919 379 1960 non
406 1902 606 1974 adhibuerit,
628 1902 792 1978 inanisque
814 1902 892 1961 adeo
917 1901 1016 1961 fuerit
1035 1899 1179 1960 Brindclii

227 1993 434 2066 consecratio,
449 2012 472 2054 a
489 2013 548 2072 quo
568 1995 723 2055 Linderus
744 1994 811 2070 ipse
826 1995 991 2056 ordinatus
1006 1995 1081 2053 fuit.
1094 1995 1179 2060 Quen

226 2090 331 2146 tamen
352 2093 469 2146 metum
484 2087 599 2148 leviori
614 2087 815 2146 fundamento
835 2087 897 2146 niti
919 2091 992 2146 tuus
1013 2087 1081 2163 ipse
1102 2103 1178 2162 prae
1210 2125 1211 2140 1

225 2181 368 2239 decessor
389 2181 530 2257 agnovit.
552 2183 618 2241 Nec
638 2179 809 2254 immerit03
830 2182 944 2257 quippe
964 2197 1035 2240 cum
1056 2198 1098 2239 ex
1119 2199 1179 2239 con·
1208 2251 1209 2254 Ἴ

226 2274 325 2334 stanti
339 2273 497 2334 Ecclesiae
518 2293 609 2333 sensu
630 2278 664 2334 et
684 2275 776 2352 praxi
797 2274 863 2334 sola
884 2292 940 2351 per
961 2293 1029 2334 sese
1050 2278 1178 2352 spectatu
1208 2337 1209 2348 2

226 2367 414 2442 improbitas
432 2366 571 2426 ministri
587 2368 703 2428 nullam
728 2385 871 2444 umquam
893 2368 962 2428 risa
983 2369 1029 2428 sit
1048 2368 1177 2428 idoneam

226 2461 376 2538 praebere
397 2477 521 2520 causam
543 2461 709 2521 dubitandi
730 2463 768 2520 de
790 2462 899 2522 valore
921 2462 1111 2522 sacramenti
1126 2462 1177 2520 rito

225 2553 354 2615 aliunde
381 2553 609 2614 administrati.
636 2554 1092 2630 Quamobrempraedecessor
1120 2559 1176 2614 tuus

226 2645 334 2718 aliam,
347 2664 439 2722 quam
454 2645 630 2706 arbitratus
645 2650 694 2706 est
708 2648 887 2724 graviorem
902 2665 1026 2707 causam
1043 2645 1174 2706 subiecit:

226 2757 300 2799 num
316 2739 439 2800 scilicet
453 2756 510 2817 pro
524 2757 653 2816 eaquae
668 2757 723 2817 per
737 2740 876 2801 intrusos
893 2741 1024 2800 inducta
1038 2743 1090 2800 est
1103 2738 1175 2798 foeda

225 2831 430 2894 ecclesiastici
456 2831 574 2893 ordinis
595 2833 847 2910 perturbatione,
864 2851 883 2894 a
902 2833 1032 2894 Gobelio
1054 2833 1088 2892 iu
1109 2830 1174 2892 ordi·

226 2929 338 2988 nandis
358 2927 510 3005 episcopis
531 2929 636 2987 omnia
657 2926 720 2986 rite
742 2930 871 3004 patrata
891 2927 965 2998 sint,
982 2945 1061 3003 quae
1085 2928 1173 2986 ador

226 3020 397 3081 diuationis
418 3021 494 3092 vim,
518 3039 571 3080 scu
593 3021 799 3080 substantiam
826 3020 1047 3096 requiruntur.
1071 3023 1135 3088 Qua
1150 3016 1171 3072 in

225 3130 272 3185 re,
297 3117 406 3190 utpote
426 3131 506 3190 quae
527 3129 566 3172 ex
587 3114 670 3172 facto
691 3115 818 3189 pendet,
840 3112 948 3172 sedulo
968 3114 1170 3189 requirendum

225 3207 455 3285 rescripsimus,
471 3224 530 3283 qno
551 3206 617 3266 ritu
639 3224 740 3283 quave
762 3207 886 3267 ratione
908 3204 1079 3282 singularis
1099 3217 1171 3282 prae·

226 3301 335 3360 sertim
351 3300 410 3360 illa
424 3303 553 3376 peracta
568 3301 611 3359 sit
624 3301 781 3361 Brindclii
795 3299 1001 3360 consecratio.

230 3429 234 3438 ‹
284 3393 375 3453 Nunc
397 3409 506 3468 porro,
530 3392 645 3452 dilecte
667 3393 751 3466 Fili,
773 3409 813 3452 ex
834 3391 899 3452 tuis
919 3391 1043 3452 litteris
1062 3385 1170 3449 intelle·

225 3484 341 3558 ximna,
362 3486 515 3562 parochos
536 3487 690 3562 quotquot
709 3502 749 3546 ex
771 3489 844 3546 tuae
865 3485 1014 3546 dioecesis
1028 3488 1113 3563 parte
1125 3476 1168 3540 Al·
