2430 4202
633 247 671 260 ..
693 214 756 278 252
775 248 814 260 ..

239 323 377 396 timenti,
400 342 418 384 e
439 324 470 384 di
496 323 571 384 iarli
594 324 748 402 giungora
767 323 1053 386 all’aminentissino
1072 321 1174 397 signor

239 415 397 478 cardinale
408 415 535 489 Albani,
545 418 670 476 decano.
680 417 753 495 agli
767 418 791 478 li
804 417 943 496 presenti
953 415 983 476 al
995 433 1087 474 nuovo
1099 415 1176 474 Som-

238 529 289 572 mo
310 511 481 586 Fonteius,
504 511 551 589 gli
572 512 640 572 buci
661 512 672 572 i
695 511 779 572 santi
801 510 887 590 piedi
908 530 927 571 a
948 528 1029 572 nome
1048 508 1122 582 mio,
1141 506 1199 583 gli}

239 604 383 666 domandi
402 622 464 664 una
476 605 621 682 plenaria
639 605 828 685 indulgenus
842 607 894 666 del
908 605 969 666 mio
981 603 1062 677 lall03
1075 621 1094 661 e
1108 599 1178 662 tutti
1198 653 1199 660 ,

240 697 286 775 gli
303 697 543 758 eminentissimi
558 697 681 775 signori
696 699 853 760 cardinali
867 698 1077 777 praghinupar
1091 692 1179 754 oaritt

239 790 375 868 riposoo
393 808 467 868 pace
487 809 507 850 a
526 792 757 868 quest'anima,
780 792 814 852 la
834 792 927 869 quale
949 809 980 850 se
999 789 1087 850 oadde
1108 785 1180 846 nella

240 884 405 944 dabolezza
425 883 457 943 di
478 883 658 946 rinnnziare
678 885 743 946 alla
765 903 858 950 sacra
870 880 1125 964 ¹dignitacniessi
1137 897 1181 955 ag·

241 976 399 1054 giungono
422 976 527 1038 lustro
551 978 634 1040 colla
655 979 723 1039 loro
746 982 911 1054 cortanna,
934 978 962 1038 si
982 983 998 1037 d
1015 977 1200 1044 conservatur

239 1076 314 1146 pero
328 1088 450 1148 sempre
462 1071 562 1132 fedele
572 1073 669 1146 abio,
681 1072 747 1133 alla
758 1074 854 1146 Pede,
864 1072 929 1134 alla
942 1072 1061 1146 chiesa,
1073 1087 1090 1128 e
1103 1068 1180 1145 parta

240 1163 292 1223 dal
306 1165 418 1223 mondo
434 1165 484 1223 nel
498 1164 587 1225 bacio
608 1165 660 1225 del
675 1165 851 1226 crooiiisso.
935 1203 942 1234 ,

360 1260 472 1331 soma,
494 1258 519 1318 n
539 1259 560 1318 a
580 1258 720 1320 tenuras
744 1257 832 1319 1800.

873 1377 909 1436 V.
925 1376 1116 1436 11111111νί.
1200 1379 1201 1414 ³

567 1580 719 1638 utin·
737 1583 875 1638 veruto

324 1740 652 1812 Paonnsrnrlo
675 1743 765 1813 SEU
788 1741 1122 1852 RETRAGTA'HO

167 1960 170 1966 .
265 1919 558 1981 VINGEN'PII
587 1919 799 1979 MARIAE
826 1919 888 1978 Dii
919 1913 1169 1980 ALTERIIS

511 2071 592 2118 OLIM
610 2071 635 2117 S.
647 2071 677 2117 R.
689 2071 718 2116 11.
737 2069 937 2119 cnunmnnls
1202 2090 1203 2152 p

304 2207 450 2268 Imminet
470 2206 531 2267 iam
546 2206 624 2266 mihi
645 2207 722 2268 hora
743 2206 868 2278 mortis,
891 2205 1035 2283 iustoque
1058 2205 1114 2266 Dei
1132 2218 1184 2280 pro·

244 2299 385 2362 videntia
407 2301 532 2360 unicum
554 2299 701 2360 solatium
724 2300 802 2360 mihi
824 2303 929 2377 nogat,
945 2300 1025 2376 quod
1041 2300 1081 2360 ad
1104 2295 1186 2375 peria·

243 2394 326 2452 ctam
337 2408 436 2451 meam
450 2391 716 2469 tranquillitatem
731 2391 763 2450 in
779 2391 837 2451 hoc
859 2408 1003 2467 supremo
1026 2389 1185 2452 discrimino

244 2483 410 2546 sufficeret.
440 2481 529 2545 senii
556 2485 663 2546 Patris
692 2484 785 2545 venia
814 2483 1010 2561 praeteritae
1033 2501 1124 2547 meae
1146 2497 1186 2558 pn·

242 2577 478 2652 sillauimitati,
501 2579 580 2640 illud
610 2597 705 2640 uuum
732 2580 885 2656 estquod
909 2578 1065 2638 desidero.
1089 2580 1185 2640 Veron

243 2670 375 2749 supplex
397 2671 522 2749 petitio,
538 2689 630 2748 quam
652 2689 709 2749 per
722 2671 1014 2732 Eminentissimum
1029 2674 1121 2732 Dom.
1132 2672 1186 2732 Gar·

243 2764 379 2824 dinalem
401 2765 601 2826 Francisoum
625 2763 740 2825 Albani
767 2764 850 2824 sacri
876 2763 1009 2842 collegii
1033 2767 1183 2832 Decorum,

243 2858 361 2919 iamdiu
374 2859 444 2918 dedi
457 2859 495 2917 ad
511 2860 704 2934 magnumst
717 2855 930 2917 immortalem
941 2857 1034 2917 Pium
1047 2859 1096 2920 VI
1109 2871 1184 2918 menn

241 2953 488 3024 benefactorem,
503 2953 541 3012 ad
557 2951 649 3012 huius
671 2952 764 3028 podes
775 2950 883 3011 delata
903 2969 964 3010 non
980 2957 1040 3024 est3
1058 2952 1183 3029 quonian

244 3046 311 3124 ipse
332 3047 363 3106 in
387 3045 503 3107 Galliis
517 3045 555 3105 ab
570 3045 711 3106 hostibus
732 3045 933 3122 raptabatur,
948 3045 1025 3104 etin
1039 3045 1185 3108 Adriatico

244 3140 372 3201 errabat
392 3139 581 3200 intercessor
600 3137 787 3199 Gurdinalis.
805 3137 927 3198 Morior
946 3141 1119 3216 antequam
1132 3141 1185 3200 Suo·

244 3250 347 3294 cessor
368 3232 434 3292 eius
462 3231 618 3309 eligatur:
643 3248 741 3308 neque
764 3231 803 3291 ab
823 3231 887 3290 isto
915 3232 1040 3292 veniam
1063 3233 1186 3292 obtinere

244 3343 378 3401 possum.
395 3327 482 3386 Hono
503 3324 604 3402 igitur
624 3341 719 3384 exoro
740 3326 774 3384 et
786 3341 805 3382 a
819 3326 883 3384 Deo
904 3327 938 3384 et
952 3342 971 3384 a
985 3341 1075 3384 sacro
1098 3321 1185 3388 Oardi·

245 3417 362 3478 nalium
384 3417 531 3497 collegi03
548 3435 680 3495 quorum
695 3435 712 3476 e
727 3433 855 3478 numero
871 3434 951 3476 nnus
965 3419 1116 3493 quamvis
1129 3413 1186 3476 indi·

246 3529 325 3590 gnus
345 3512 464 3588 etipse
484 3510 558 3574 olim
580 3510 645 3582 fni3
668 3509 788 3571 utinam
810 3512 845 3568 et
871 3527 957 3570 nuno·
978 3515 1098 3572 essem!
1122 3512 1184 3578 Hanc
