2424 4196
402 199 580 259 -157-

32 308 158 368 inetibus
168 310 303 384 adeoque
315 306 467 368 violentis
477 307 515 366 ad
529 307 608 365 hano
620 321 715 380 usque
723 302 803 363 diem
818 303 971 363 iactatum

31 408 78 475 est,
97 409 130 466 ut
151 406 236 466 nulla
257 423 387 482 prorsus
409 407 544 464 humana
565 404 609 475 vi,
630 402 775 474 oonsilio,
793 401 844 460 vel
860 418 969 477 opera,

32 499 56 556 ni
71 499 170 560 divina
181 499 385 577 ‘protectione
406 498 619 567 sublevemur,
642 495 715 555 illos
730 496 863 555 evadere
879 512 968 570 posse

32 591 188 652 molismus.
201 594 309 653 Novae
323 590 407 650 enim
422 607 543 666 semper
558 588 715 664 procellae
729 586 965 660 excitabantur,

31 683 139 744 imeres
151 691 185 744 et
198 685 338 762 pericula
352 683 552 761 ingruebant,
563 681 829 759 aggrediebantur
842 682 966 751 damna,

30 780 181 853 angustiae,
203 777 414 849 calamitates,
436 780 470 836 ot
492 778 561 854 post
583 780 630 834 tot
644 774 819 843 molestias,
836 775 971 831 nondum

29 869 116 928 datum
136 871 232 932 Nobis
253 887 328 947 paco
349 873 382 930 et
402 871 508 947 quiete
523 869 599 941 irui,
616 885 713 944 neque
728 867 829 926 adhuc
843 866 970 926 effluxe-

28 966 88 1022 runt
106 963 178 1022 haec
200 967 345 1039 tempora
358 962 536 1023 novitatum
552 980 588 1022 ao
602 961 743 1020 dolorum
763 959 967 1019 feracissima.

27 1147 60 1196 sed
73 1153 109 1197 est
121 1152 206 1198 versio
221 1163 292 1200 nuno
307 1151 440 1198 elaborata
455 1162 486 1196 ex
503 1149 593 1197 italica
603 1162 679 1208 quam
690 1151 854 1198 condonavit
864 1151 971 1198 Praeaul

26 1227 99 1273 Petrus
112 1226 274 1274 Baldassarrl
295 1228 321 1272 et
336 1227 424 1274 retulit
438 1227 466 1272 in
483 1239 556 1284 opere
573 1226 641 1283 qnod
656 1226 806 1284 inscripsit:
825 1223 971 1274 Beloeioue

26 1299 82 1348 delle
101 1298 230 1349 accersitd
246 1300 416 1364 operimenti
438 1299 482 1349 del
504 1300 623 1361 pleniore
647 1299 699 1347 Pio
725 1297 769 1348 VI
786 1299 864 1360 nepti
879 1298 971 1346 ultimi

26 1375 135 1425 suntdal
149 1391 198 1424 suo
211 1374 383 1439 pontificato.
401 1375 606 1426 Modeuu1840.
624 1381 693 1424 Tem.
712 1380 735 1423 2.
753 1390 810 1434 pag.
829 1378 884 1423 220.

73 1453 113 1500 Bai
129 1455 214 1500 autom
230 1451 342 1500 dilucide
357 1453 529 1512 exponendae,
548 1455 624 1511 atque
643 1455 673 1499 ut
688 1453 797 1499 lectores
813 1451 844 1498 ds
861 1451 971 1497 authen-

24 1527 103 1576 doitate
119 1529 311 1576 constitutionis
326 1529 402 1577 istius
423 1532 491 1576 recte
502 1529 616 1576 iudicare
628 1530 740 1586 valeant,
752 1527 853 1585 expedit
868 1525 912 1573 hio
927 1538 971 1572 re-

24 1603 84 1660 terre,
99 1617 164 1662 qnae
178 1604 246 1652 idem
261 1603 442 1652 Baldaasarius
457 1603 485 1650 iu
500 1604 631 1661 praedicto
649 1616 723 1661 opera
737 1603 795 1648 looo
812 1601 890 1648 citato
906 1613 971 1648 nar*-

24 1681 61 1725 rut:
78 1682 159 1726 «Post
175 1693 206 1726 ea
222 1693 288 1738 quae
305 1680 454 1727 acciderunt
476 1679 516 1725 die
533 1682 564 1727 28
580 1679 726 1726 Decembris
744 1679 813 1734 1797,
831 1678 912 1734 magis
928 1677 971 1722 la-

25 1755 182 1812 »crymabilis
198 1758 316 1802 evaserat
326 1755 436 1802 conditio
449 1757 473 1802 S.
487 1756 559 1802 Sedis
570 1758 595 1801 et
606 1756 682 1802 Urbis
702 1757 805 1810 Romae,
819 1766 894 1810 quam
905 1765 970 1811 qnae

25 1830 126 1876 »russea
151 1831 238 1889 alapae
260 1843 348 1877 meuse
371 1832 512 1878 Februarii.
532 1833 690 1889 Quapropter
712 1832 797 1877 visum
817 1832 856 1875 eat
872 1829 916 1875 Pio
934 1829 970 1874 VI

25 1917 84 1954 rnen
98 1907 213 1954 sufficere
234 1907 378 1964 praelatum
400 1906 529 1954 decretum
545 1907 630 1964 <quod
655 1905 698 1954 hio
723 1905 840 1964 superine
864 1905 970 1951 allatum

24 1983 74 2026 nest
86 1995 142 2040 pag.
162 1983 218 2039 144>
234 1982 265 2028 ad
282 1982 384 2030 facilem
401 1982 441 2029 sui
452 1983 607 2030 successoria
625 1982 787 2039 electionem
798 1994 887 2028 verum
898 1993 969 2037 opor·

24 2057 94 2113 ntae,
111 2058 141 2102 ut
157 2057 304 2104 solemniori
320 2058 346 2116 st
361 2057 479 2115 ampliori
497 2057 571 2104 modo
588 2058 720 2105 obstacula
736 2057 967 2115 praeverterentur,

23 2133 124 2186 »qubus
139 2132 240 2178 turbari
255 2133 279 2178 et
295 2129 413 2189 impediri
429 2135 514 2190 posset
530 2134 618 2179 tantas
634 2134 671 2178 rei
694 2133 816 2178 executio.
835 2134 924 2188 Itaque
940 2144 971 2177 ea

22 2205 66 2253 nde
80 2223 106 2255 re
122 2209 250 2256 elaborari
265 2209 342 2255 lussit
359 2209 567 2256 constitutionem
583 2209 758 2267 Apostolioam
781 2210 853 2256 onius
868 2207 970 2254 initium

22 2285 74 2328 usu
91 2280 192 2332 onusti
207 2280 330 2330 Ecclesia
348 2284 438 2342 orsique
454 2283 508 2330 dies
522 2284 678 2331 adscribitur
694 2285 725 2332 80
741 2284 887 2331 Decembris
899 2284 968 2330 1797.

23 2358 172 2406 ·Plnrimum
188 2359 332 2417 conquisivi
348 2360 490 2418 exemplum
506 2362 659 2407 memoratas
672 2360 869 2406 constitutionis:
881 2371 971 2406 verum

21 2437 134 2493 »propter
150 2437 240 2494 gravia
255 2435 349 2482 damna
365 2436 479 2484 archivis
495 2437 617 2483 Romanis
633 2435 708 2482 illata
723 2437 751 2482 lu
768 2435 866 2482 ultimis
882 2448 971 2493 perse-

21 2511 184 2568 rcntionibus,
202 2512 252 2557 etsi
267 2512 376 2557 multum
392 2513 418 2557 et
431 2511 475 2557 diu
492 2511 679 2570 conquisierim,
692 2511 807 2558 invenire
823 2514 909 2557 tamen
919 2523 971 2556 non

20 2599 31 2621 r
40 2586 103 2641 potui
117 2587 168 2633 nisi
182 2599 264 2632 uuum
279 2588 420 2645 exemplum
432 2588 622 2634 constitutionis
642 2587 795 2646 praedictae,
807 2586 971 2643 impertsotae

21 2661 117 2708 »tamen
132 2662 286 2718 latinitatis,
304 2663 342 2708 ita
364 2664 393 2707 ut
417 2661 482 2708 illud
498 2663 601 2708 mallem
623 2663 741 2720 reputare
767 2661 847 2707 terme
863 2661 971 2717 primam

22 2737 247 2796 »perscriptionem
266 2738 365 2785 Idcirco
381 2750 434 2784 uon
449 2737 520 2784 decet
544 2737 610 2784 lllnd
632 2738 713 2785 latino
738 2749 852 2784 sermone
869 2734 927 2792 edi,
945 2735 972 2782 et

22 2813 114 2857 ¹*solnm
123 2814 173 2858 huo
184 2813 296 2860 inseram
311 2814 398 2860 italice
414 2826 533 2859 versum:
546 2813 723 2860 animadverto
734 2815 820 2858 tamen
834 2813 971 2869 antequam

22 2886 97 2933 »illud
111 2889 290 2946 transcribam,
307 2902 346 2935 me
362 2889 435 2935 nullo
451 2891 526 2946 pacto
542 2888 667 2946 dubitare,
681 2889 743 2946 quin
753 2888 829 2934 Bulla
839 2899 884 2934 seu
902 2888 970 2935 con-

21 2963 131 3009 natitntio
150 2960 252 3010 Christi
267 2961 414 3022 Ecclesiae,
432 2964 516 3021 qualia
533 2963 688 3010 adamussim
705 2977 720 3009 a
736 2964 781 3010 Pio
793 2964 827 3008 VI
842 2961 902 3006 dum
912 2972 970 3006 exu-

20 3036 98 3084 rlaret
111 3039 143 3085 sd
160 3038 309 3085 cardinales
323 3038 402 3084 missa
417 3039 475 3097 tuit,
488 3040 560 3097 plens
571 3040 709 3085 oculor-mis
726 3052 778 3084 non
794 3038 869 3093 esest,
886 3034 971 3093 quoad

19 3115 142 3160 »tenorem
165 3115 375 3172 substantialem,
400 3115 531 3173 exemplo,
549 3114 617 3171 quod
643 3127 659 3160 a
684 3127 723 3159 mo
747 3113 880 3159 inventum
897 3113 943 3157 eat.
956 3128 969 3151 n

18 3187 135 3236 Hactenus
151 3191 341 3238 Baldasssrius.
361 3191 524 3249 comiteque
546 3189 665 3236 libuisset
687 3189 878 3236 monumentum
901 3184 971 3232 istud

18 3261 115 3310 iuliano
137 3265 312 3312 collectionem
338 3265 451 3323 interra,
469 3265 567 3323 placuit
592 3264 705 3312 eiusdem
730 3262 869 3320 exemplum
885 3260 971 3308 italice

17 3337 49 3381 uti
61 3351 134 3397 supra
149 3341 247 3388 editum
257 3341 339 3387 latino
351 3353 466 3387 sermone
477 3340 580 3397 donare,
592 3342 621 3386 ut
631 3340 759 3386 universis
772 3338 884 3384 eiusdem
895 3338 971 3384 lectio

17 3417 94 3468 pervia
108 3420 133 3464 et
149 3417 235 3466 caenis
251 3420 333 3476 esest,
351 3419 436 3464 versio
454 3419 538 3464 autem
553 3418 628 3463 tauta
644 3430 706 3463 oure
732 3417 837 3474 peracta
864 3418 921 3473 est,
941 3415 971 3461 ut

17 3489 90 3539 miuus
104 3494 183 3540 latine
200 3505 275 3551 quam
290 3493 375 3540 minue
391 3490 500 3538 fideliter
515 3491 649 3540 traducere
664 3491 767 3538 iuverit.
