2430 4202
641 246 678 259 ..
700 215 761 275 268
782 245 819 258 -

247 325 281 381 et
300 320 511 393 Pontificem,
534 323 567 379 et
588 319 768 396 Principem
788 320 987 393 ostenderit3
1012 322 1093 378 certe
1117 318 1179 376 illud

248 421 371 493 tempus
399 421 474 488 est,
509 431 549 474 ex
577 433 638 491 quo
666 414 830 476 Gallorum
861 415 970 493 erupit
999 414 1097 492 palam
1122 429 1181 490 per-

250 511 393 664 dueiibia
413 600 493 660 euim
510 604 583 661 sunt
594 605 628 660 et
638 599 772 659 omnium
789 600 934 660 laudibus
948 598 1180 668 celebratissima,

249 713 327 772 qnae
349 695 404 755 ille
428 697 503 754 tunc
525 699 559 753 et
580 693 705 784 ceperit¹
721 693 873 768 consilia,
895 698 929 753 et
949 693 1139 770 Principibus
1158 693 1183 748 nt

250 791 399 866 caperent
420 787 573 848 suaserit:
598 785 783 863 omninoque
803 785 835 844 in
858 804 979 847 summa
992 786 1199 845 omniumtre1

250 881 411 958 pidatione
439 884 609 956 metuque,
639 877 796 938 communi
822 879 922 938 totius
947 879 1035 938 orbis
1062 875 1182 951 suffragio

251 991 330 1032 unus
352 972 549 1050 potissimum
571 971 648 1032 Pius
668 970 819 1048 Princeps
840 972 977 1031 omnium
993 976 1029 1030 et
1043 971 1182 1034 maximus,

250 1071 283 1127 et
305 1068 374 1127 loco
396 1085 451 1127 suo
472 1065 672 1143 dignissimus
696 1066 898 1127 existimatus
921 1071 981 1127 est.
998 1069 1046 1127 At
1071 1083 1137 1124 vero
1156 1061 1183 1120 ab

251 1161 421 1220 hectaria
449 1159 672 1235 magnitudine
691 1159 788 1218 animi
813 1163 906 1236 atque
934 1160 1111 1221 constantia
1130 1153 1182 1233 quil

250 1253 308 1314 sibi
331 1255 406 1313 Pius
426 1253 572 1330 polliceri
593 1257 717 1330 posset,
739 1269 808 1312 cum
832 1255 935 1314 minae
957 1255 1046 1330 ipsae
1070 1253 1183 1312 declara·

251 1346 339 1419 baut,
355 1350 421 1405 tum
437 1339 532 1423 Regis
554 1345 815 1407 Christianissimi
838 1365 873 1406 ac
896 1346 1124 1423 religiosissimi
1135 1359 1184 1400 crn-

251 1441 320 1500 dele
342 1444 376 1499 at
393 1439 588 1499 lacrimabile
609 1439 811 1516 exemplum,
831 1445 865 1499 et
886 1442 981 1518 paulo
996 1446 1069 1518 post
1082 1439 1183 1514 sequa

252 1532 364 1592 similis
394 1531 619 1591 serenissimae
647 1533 788 1608 Reginae
810 1551 894 1606 nex,
919 1537 952 1592 et
979 1534 1077 1612 Regii
1099 1528 1184 1591 Adule·

251 1624 365 1685 secutis
398 1624 524 1702 ipsaque
551 1625 654 1702 prima
679 1627 785 1684 aetate
814 1627 950 1686 nondum
979 1643 1107 1703 peccare
1125 1617 1183 1681 docti

252 1716 423 1789 interitus,
447 1721 481 1777 et
501 1719 618 1794 Regiae
641 1718 890 1794 tenerrimaeque
913 1719 1061 1796 Virginis
1082 1718 1130 1776 vix
1146 1715 1184 1772 in·

252 1813 379 1886 patrata
398 1809 552 1887 depulsio,
575 1809 808 1894 internecioque
828 1811 1036 1887 Nobilitatis3
1059 1817 1110 1883 et,
1128 1803 1201 1885 quae3

252 1904 390 1963 dolorem
415 1903 571 1979 augebat,
595 1901 707 1961 eiiam
734 1904 845 1980 augeri
874 1908 1028 1980 poterat,
1055 1901 1184 1966 Ecclesiae

253 1997 433 2056 Gallicanae
455 1995 724 2072 praeclarissimae
746 1995 888 2055 excisio:
911 2002 946 2056 et
967 1998 1083 2058 deiecti
1107 1991 1186 2071 depul-

252 2090 340 2167 sique
353 2089 508 2166 Episcopi,
521 2094 554 2148 et
565 2089 715 2148 trucidati
731 2091 927 2162 Sacerdotes,
941 2092 1107 2167 profanata
1119 2091 1185 2148 Ten·

252 2183 317 2260 pla,
339 2199 467 2242 eversae
488 2183 582 2255 Arae,
605 2182 746 2258 direptae
768 2181 1005 2258 supellectiles,
1029 2187 1149 2243 contusa
1164 2183 1186 2236 et

252 2276 391 2354 protrita
412 2277 506 2349 Vasa,
529 2277 625 2335 Sacra
645 2276 713 2353 ipsa
733 2277 891 2353 Mysteria
905 2277 997 2354 (proh
1011 2278 1123 2353 dolori)
1136 2291 1186 2351 pro·

253 2369 347 2441 iecta,
371 2369 477 2441 irrisa,
500 2372 656 2447 despecta,
678 2370 870 2446 proculcata.
891 2372 974 2430 Haec
995 2375 1109 2444 erant,
1129 2382 1186 2444 qnae

253 2479 416 2539 quemnam
444 2463 563 2522 exitum
592 2462 740 2523 habiture
767 2467 850 2522 esset
877 2465 1005 2525 Summa
1031 2463 1142 2542 Optimi
1163 2463 1186 2518 et

253 2553 385 2615 Maximi
406 2553 569 2614 Pontificis
589 2555 639 2613 Pii
662 2555 767 2615 virtus
788 2561 822 2616 et
842 2557 1022 2617 constantia
1036 2577 1096 2618 non
1110 2555 1186 2614 solun

253 2648 493 2725 portendebant,
517 2665 625 2706 verum
648 2648 732 2707 ferro
753 2649 820 2725 ipso
840 2652 873 2709 et
894 2652 994 2710 adhuc
1013 2651 1146 2710 fumante
1162 2661 1186 2702 ac

253 2741 433 2800 exundante
447 2759 466 2801 a
479 2740 684 2800 cadaveribus
702 2742 852 2820 sanguine
863 2743 1110 2805 conclamabant.
1124 2743 1185 2809 Quae

255 2834 281 2893 si
302 2834 378 2894 Pius
400 2838 434 2893 et
455 2851 534 2892 uuus
557 2834 692 2893 omnium
715 2836 852 2894 maxime
873 2835 967 2910 vidit,
983 2844 1016 2897 et
1032 2840 1063 2897 in
1079 2851 1186 2910 sesepo·

255 2928 412 2988 tissimum
433 2926 575 3004 expediri
597 2927 719 3001 sensit,
740 2933 773 2987 et
795 2931 898 2988 tamen
921 2947 988 2990 eam
1009 2930 1185 2990 consiliorum

254 3039 380 3083 suornm
402 3021 554 3082 rationem
577 3038 699 3098 semper
717 3025 751 3081 et
765 3023 877 3098 ubique
898 3009 1026 3098 tenuit,
1042 3043 1118 3102 quae
1135 3019 1187 3081 nni·

254 3134 346 3177 verso
367 3119 527 3175 terrarum
548 3114 617 3173 orbi
639 3115 840 3175 admirationi
861 3116 940 3190 fuit,
963 3121 1107 3195 atquem
1128 3127 1186 3174 nunc

253 3209 455 3271 acerbissima
476 3207 617 3268 omnibus
632 3213 734 3269 morte
748 3210 893 3270 amissam
907 3229 987 3285 esse,
1001 3213 1112 3272 Patres
1124 3204 1188 3269 Eni-

255 3303 443 3375 nantissimi,
466 3300 596 3378 lugetis3
619 3304 652 3360 et
672 3302 776 3362 luctus
797 3307 831 3362 et
851 3304 973 3365 doloris
994 3305 1092 3365 vestri
1110 3303 1186 3362 testes

255 3411 316 3453 non
337 3413 404 3454 esse
425 3395 602 3470 vultis,qui
623 3413 743 3455 summo
764 3397 797 3454 in
817 3397 906 3458 luctu
928 3400 967 3458 ob
988 3401 1112 3460 eandem
1131 3409 1186 3454 cau·

154 3521 161 3532 -
255 3505 319 3548 sam
343 3505 470 3560 sumna,
493 3505 614 3565 unaque
642 3489 889 3565 complorantem
919 3494 1074 3554 terrarum
1102 3490 1184 3550 orben
