2426 4192
624 169 803 277 *1842

231 330 297 390 tam
319 327 367 386 his
389 326 422 386 in
442 324 618 398 laboribus,
640 325 752 400 quibus
772 326 837 384 Deo
858 324 905 386 sic
925 325 1117 402 permittente
1133 322 1164 383 ia-

190 453 192 458 ·
235 423 315 483 etati
336 437 453 482 sumus.
675 432 678 436 ·
953 423 956 426 '

290 518 398 592 Neque
420 532 496 574 vero
524 530 593 572 cum
615 511 749 588 gloriam
771 512 926 584 dicimus,
949 533 1018 574 eam
1045 513 1164 584 dicimus,

232 628 311 688 quae
332 613 381 670 est
401 608 468 668 illis
489 611 642 684 promissa
662 631 682 672 a
701 614 781 680 Deo,
801 607 856 683 qui
875 607 915 667 ab
936 608 1106 668 hominibus
1122 607 1166 666 eic-

232 704 287 775 oti,
302 703 441 780 spoliati,
456 705 651 781 exprobrati,
666 704 825 765 maledicti
837 705 968 779 propter
983 721 1089 762 nomen
1101 699 1167 764 chri-

210 799 273 858 ·sti
297 799 545 874 persecutionem
567 800 753 876 patientur,
775 798 850 875 qui,
875 816 913 856 ne
938 797 1053 874 capillo
1072 797 1166 874 quiden

233 892 346 968 capitis
367 891 548 968 deperdito,
571 892 724 968 copiosam
747 891 919 950 mercedem
942 890 1131 966 possidebunt
1145 887 1166 944 in

234 984 341 1044 caelis:
364 1003 462 1062 neque
482 985 586 1058 illam,
602 1003 693 1060 quam
715 1003 766 1044 eos
788 1001 914 1044 manere
935 983 1045 1056 scitis,
1067 998 1167 1059 quorun

233 1078 304 1138 vita
325 1097 405 1137 nunc
420 1082 588 1154 reputatur
608 1077 742 1150 insania,
758 1079 791 1135 et
812 1075 885 1135 finis
900 1075 967 1134 sine
989 1077 1120 1146 honore,
1132 1074 1167 1150 qui

235 1176 338 1232 tamon
360 1173 445 1231 inter
467 1177 589 1231 sanctos
614 1175 729 1231 sortem
752 1170 929 1244 habebunt,
953 1174 987 1230 ot
1008 1168 1167 1230 interillos

234 1267 290 1326 Dei
311 1267 586 1342 computabuntur,
603 1284 712 1325 verum
734 1283 802 1325 eam
824 1264 956 1340 gloriam
979 1265 1117 1335 dicimus,
1128 1280 1169 1337 qua

234 1363 293 1421 hoc
314 1361 381 1436 ipso
415 1363 556 1435 tempore
584 1360 781 1419 cumulemur
810 1379 828 1420 a
855 1361 938 1432 Deo,
967 1361 1043 1418 dum
1074 1363 1117 1418 tot
1136 1358 1168 1414 his

235 1453 393 1515 aerumnis
408 1472 443 1512 ac
461 1453 660 1512 contumeliis
674 1452 867 1530 perferendis
883 1454 1096 1530 spectaculum
1108 1469 1169 1510 mun·

236 1545 498 1624 do,Angelis,et
519 1545 694 1606 hominibus
715 1546 792 1606 lacti
814 1565 919 1606 sumus
940 1564 997 1622 pro
1020 1546 1143 1606 Christo.

294 1643 375 1702 Nam
397 1641 464 1700 sivo
486 1643 523 1700 ad
547 1641 758 1717 corripiendos
786 1646 819 1700 et
839 1640 1042 1716 castigandos
1062 1643 1121 1702 Nos
1137 1655 1170 1696 sn·

236 1753 294 1813 pra
308 1738 402 1812 caput
415 1738 564 1797 Nostrum
580 1735 627 1795 ita
642 1740 775 1812 gravata
790 1735 833 1794 sit
847 1753 956 1793 manus
970 1735 1109 1807 Domini,
1121 1731 1170 1809 qnid

235 1829 294 1888 hac
316 1830 522 1890 tribulatione
545 1829 713 1905 gloriosius
733 1828 854 1890 Nobisl
874 1827 933 1894 Qui
956 1828 1018 1887 etsi
1041 1828 1119 1888 iuste
1135 1841 1170 1902 pro

235 1923 505 1999 peccatisnostris
528 1922 714 2000 affligimur,
731 1941 786 1998 per
807 1941 844 1982 ea
864 1926 969 1982 tamen
988 1922 1101 1998 quibus
1118 1919 1171 1980 affli-

236 2019 350 2095 gimur,
367 2022 401 2078 et
422 2017 519 2078 amari
543 2020 654 2089 aDeo,
671 2021 704 2076 et
725 2017 801 2077 licet
822 2019 1002 2093 peccatores
1018 2017 1123 2087 simus,
1140 2016 1171 2070 ta·

234 2131 304 2171 men
320 2131 338 2172 a
352 2114 449 2172 Patre
464 2110 749 2170 misericordiarum
764 2109 976 2184 amantissimo
989 2113 1139 2186 tamquam
1150 2104 1171 2161 fi·

234 2205 294 2264 lios
308 2205 417 2265 haberi
433 2204 660 2282 cognoscimus
675 2223 745 2265 cum
760 2205 845 2264 dicat
859 2205 1049 2280 Apostolus:
1067 2221 1085 2264 s
1102 2204 1171 2268 Quen

236 2297 344 2373 diligit
364 2300 467 2368 Deus,
493 2298 658 2374 flagellat,
680 2299 841 2376 castigat3
863 2298 1006 2375 flagellat
1033 2301 1131 2356 autem
1151 2291 1173 2349 fi·

235 2389 360 2449 lium.»
381 2389 456 2448 Sive
479 2408 535 2466 per
558 2390 767 2450 tentationem
789 2393 880 2463 hanc,
901 2409 964 2467 qua
985 2391 1031 2451 sic
1060 2382 1172 2449 exerceri

126 2557 128 2562 ¹
236 2484 396 2561 permittit
417 2486 480 2546 Nos
501 2487 596 2556 Deus,
611 2485 751 2561 experiri
774 2485 853 2544 velit
874 2485 978 2557 fidem,
1003 2489 1037 2545 et
1058 2496 1173 2562 persana

235 2579 373 2639 rentiam
386 2580 547 2651 Nostram,
561 2582 679 2654 quanta
693 2579 768 2638 haec
783 2579 859 2638 item
875 2578 977 2655 gloria
997 2581 1115 2640 Nostra
1126 2571 1173 2632 ost!

235 2673 313 2734 (lum
333 2689 389 2748 per
405 2673 612 2732 tentationem
628 2673 706 2732 hano
720 2673 815 2731 etiam
835 2659 887 2731 vel
902 2672 935 2729 in
949 2673 1009 2732 hac
1023 2673 1133 2733 Nostra
1143 2666 1172 2722 in·

236 2765 393 2843 dignitate
420 2783 547 2842 sperare
569 2764 723 2843 possimus
745 2784 804 2822 non
834 2766 1015 2840 despectos,
1039 2764 1091 2824 sed
1110 2777 1172 2822 acce

237 2864 306 2938 ptos
326 2863 389 2922 Nos
411 2879 477 2920 csse
497 2863 571 2932 Deo,
588 2877 658 2917 oum
679 2859 758 2918 illud
773 2860 924 2936 legamus:
942 2859 1068 2919 «Sicut
1082 2858 1110 2916 in
1123 2855 1171 2928 ign

235 2957 391 3031 probatur
412 2971 535 3026 aurum,
559 2952 603 3012 sic
625 2951 765 3010 homines
786 2953 906 3030 accepti
928 2953 960 3012 in
983 2951 1108 3011 lorusce
1126 2949 1172 3004 teu·

237 3049 366 3109 tationis
394 3047 513 3126 (neque
541 3046 572 3105 id
594 3064 629 3104 eo
656 3046 805 3120 consilio,
829 3052 865 3106 ut
892 3047 924 3105 iu
947 3044 1120 3105 tentatione
1137 3038 1173 3094 dr

236 3141 403 3219 fidamus),
426 3143 478 3201 scd
490 3143 531 3200 ¹nt
553 3139 695 3215 probatio
715 3141 849 3200 Nostrae
864 3139 938 3199 fidei
959 3140 1061 3197 multo
1080 3130 1173 3212 precis

236 3235 302 3295 sior
322 3253 411 3308 auro,
427 3237 508 3312 quod
530 3233 710 3310 perignem
733 3233 905 3308 probatur,
929 3231 1146 3310 inveniatur.»

296 3331 362 3390 Hac
383 3328 588 3406 cogitatione,
605 3325 807 3386 Venerabiles
827 3326 978 3398 Fratres,
1001 3325 1046 3383 ita
1066 3313 1172 3379 mirifice

236 3423 270 3480 et
280 3422 471 3496 consolatur,
485 3426 519 3481 et
532 3420 718 3480 corroborat
729 3419 946 3480 infirmitatem
959 3419 1037 3480 hanc
1048 3417 1172 3478 Nostram

235 3513 336 3587 Deus,
358 3518 475 3574 utnon
498 3531 549 3574 eas
571 3512 670 3571 solum
692 3529 769 3588 quas
790 3510 938 3584 ferimus,
955 3511 1006 3572 sed
1028 3507 1121 3570 mullo
1140 3500 1173 3556 el
