2426 4192
624 267 663 282 -
686 235 804 295 176·-

680 389 756 446 lav.

415 507 666 552 munummraua
686 511 866 557 renuamus
885 513 1015 558 nosram

488 654 520 714 S.
537 655 576 715 R.
592 657 629 715 E.
645 656 950 719 GARDlNALIBUS

441 813 613 895 PIUS
651 815 861 894 *PAPA
914 817 984 896 VI.

255 1047 259 1054 .
348 1001 435 1058 ven.
449 1003 602 1072 Fratrem
619 1017 659 1060 ao
673 1003 804 1061 Dilecti
817 1004 916 1074 Filii,
931 1006 1084 1064 Salutem
1149 988 1155 1000 ⁸

407 1097 443 1151 et
462 1095 699 1164 Apostolicam
720 1097 1019 1156 Benedictionem.

254 1303 257 1308 -
291 1267 368 1327 (lum
389 1266 523 1327 dilectus
545 1265 629 1328 filius
655 1267 840 1328 Vincentius
862 1269 965 1330 Maria
986 1272 1024 1330 de
1044 1271 1179 1340 Alteriis,

234 1360 355 1440 pridem
377 1360 410 1420 S.
426 1361 465 1422 R.
479 1361 514 1420 ii.
536 1359 682 1419 diaeonus
703 1361 882 1422 Cardinalis
903 1363 1002 1424 titulo
1024 1363 1058 1424 S.
1081 1365 1179 1426 Mariae

233 1453 266 1512 in
288 1455 349 1514 Via
369 1454 460 1523 Lata,
483 1451 606 1511 litteris
627 1471 683 1514 sua
698 1471 790 1514 mauu
812 1456 940 1533 scriptis
954 1457 1003 1518 die
1029 1458 1069 1518 12
1089 1457 1178 1518 martii

233 1545 326 1606 huius
340 1546 425 1618 anni,
442 1543 670 1620 significaverit
684 1547 782 1607 Nobis
796 1563 828 1606 se
842 1549 1096 1622 cardinalatum,
1109 1568 1179 1626 quen

232 1641 298 1702 Nus
318 1639 348 1700 ei
370 1637 540 1698 detulimus
562 1637 612 1696 die
634 1638 797 1700 undecima
818 1641 991 1700 decembrio
1011 1645 1090 1704 enni
1109 1643 1179 1710 1780,

234 1735 387 1810 deponere
401 1731 602 1792 constituisse
613 1731 669 1810 (1),
684 1733 764 1807 quod
780 1737 887 1794 aetate
902 1734 1136 1811 ingravescens,
1148 1736 1182 1794 vi-

232 1827 320 1888 ribus
334 1825 431 1886 animi
445 1831 478 1886 et
492 1824 634 1900 corporis
649 1824 846 1898 debilitatus,
863 1845 923 1885 non
940 1829 1079 1905 amplius
1094 1835 1180 1907 posset
1207 1897 1208 1904 ἵ

233 1921 301 1982 eius
321 1918 488 1997 dignitatis
510 1934 606 1977 onera
627 1917 799 1990 sustinere;
822 1936 951 1995 eumque
973 1920 1069 1993 idem,
1088 1941 1124 1982 ne
1143 1939 1181 1979 ex·
1207 1907 1208 1916 ¹

234 2013 368 2093 metatis
389 2013 512 2090 quidem
526 2011 649 2072 litteris
664 2029 682 2070 a
695 2011 793 2070 Nobis
808 2028 954 2086 responso
978 2013 1074 2087 datis,
1091 2013 1182 2092 quibus

234 2127 305 2168 eum
327 2109 489 2166 deterrere
510 2124 529 2166 a
550 2106 711 2181 proposito
732 2105 933 2178 conabamur,
954 2123 985 2166 se
1000 2124 1080 2166 vere
1095 2128 1111 2167 e
1125 2108 1182 2168 cu·

234 2200 377 2261 dinalatu
399 2197 567 2272 abdicarit,
590 2216 646 2257 nec
667 2197 869 2274 rescripserit
889 2201 926 2258 ad
942 2199 1009 2260 Nos
1030 2201 1097 2260 nisi
1112 2198 1183 2260 utsi-

235 2292 402 2371 gnificaret
421 2290 519 2352 Nobis
540 2309 559 2350 a
581 2308 613 2349 se
640 2308 715 2350 vere
742 2308 778 2350 ac
799 2291 984 2350 solemniter
1007 2290 1182 2368 dignitatem

234 2385 454 2448 cardinalatus
469 2383 565 2444 fuisse
587 2384 771 2461 depositam,
787 2402 823 2446 ao
846 2385 956 2446 deinde
978 2384 1112 2445 silentio
1132 2402 1182 2454 suo,

233 2480 274 2540 iis
288 2478 445 2540 mensibus
458 2477 511 2554 qui
525 2477 753 2538 abdicationem
767 2477 835 2544 eius
848 2477 1008 2538 consecuti
1030 2484 1120 2553 sunt,
1132 2477 1184 2536 nul·

233 2574 298 2634 lam
313 2589 397 2649 spem
408 2571 532 2642 ,feeerit
549 2588 582 2632 se
596 2589 663 2630 eam
685 2589 751 2632 esse
764 2575 1000 2640 revocaturum,
1015 2573 1054 2630 cb
1071 2587 1183 2648 eamque

235 2683 358 2728 causam
381 2664 486 2728 nullus
507 2665 641 2741 amplius
657 2664 754 2726 Nobis
767 2664 932 2724 dubitandi
950 2664 994 2728 sit
1014 2666 1106 2728 locus
1126 2663 1182 2741 quiu

234 2760 263 2820 is
282 2759 374 2837 plane
395 2761 489 2818 etex
509 2756 726 2832 perseveranti
742 2755 839 2816 animi
862 2757 909 2816 sui
931 2758 1097 2822 sententia
1117 2771 1181 2818 aaa

234 2852 391 2930 dignitate
418 2849 622 2928 spoliaverit:
645 2855 813 2926 propterea
839 2850 924 2922 Nos,
950 2851 1074 2912 auxilio
1103 2849 1183 2912 divini

234 2945 363 3007 luminis
383 2933 564 3021 imploratu,
580 2959 616 3002 ac
632 2942 684 3002 diu
699 2943 895 3019 multumque
909 2943 1055 3004 meditati
1080 2946 1150 3022 quid
1161 2942 1182 3000 iu

296 3145 333 3198 (1)
348 3142 533 3190 Documentum
549 3137 619 3186 latud
634 3137 674 3184 uti
690 3139 716 3184 et
724 3135 878 3198 praecedens
894 3136 973 3184 edidit
986 3139 1081 3186 Patrne
1097 3136 1184 3186 auia

233 3221 338 3272 aauriin
347 3220 436 3278 Opere,
448 3213 595 3264 Reiaeioae
604 3213 675 3262 delle
685 3210 814 3260 accersiti
823 3211 987 3276 operimenti
997 3212 1026 3261 di
1037 3213 1090 3264 Pio
1103 3212 1144 3262 VI
1149 3219 1183 3258 eie.

235 3293 354 3342 Modone
377 3291 439 3341 1842
462 3289 491 3337 T.
508 3288 600 3354 dpcy.
619 3287 736 3338 124-128.
753 3289 792 3336 Ibi
808 3289 885 3336 etiam
902 3286 991 3348 (lica
1001 3303 1070 3352 pay.
1086 3288 1120 3336 68
1134 3288 1184 3348 sep.)

234 3371 366 3417 historiam
382 3369 472 3417 namet
489 3369 582 3413 barum
599 3365 787 3413 abdicationum
807 3377 944 3424 earumque
963 3365 1124 3412 miserabiles
1142 3373 1185 3409 cur·

234 3459 291 3495 aas:
310 3449 385 3504 atque
400 3459 453 3493 nna
471 3443 547 3492 simul
563 3444 769 3490 renunciandum
785 3443 899 3500 ipsorum
914 3442 1108 3500 poenitentiam,
1119 3435 1185 3487 berd-

235 3523 333 3580 lemque
350 3523 439 3569 veniae
456 3519 603 3579 petitionem
619 3516 689 3566 Tem.
707 3515 723 3565 ³
735 3531 823 3580 pcqq.
840 3516 880 3564 74.
891 3515 931 3564 93.
