2424 4196
220 313 324 373 omnia
345 315 445 375 adhuc
466 320 570 376 essent
591 316 724 389 incerta,
738 317 896 394 ambigua,
915 319 1010 392 atque
1032 314 1127 374 infida
1144 311 1175 370 ab

219 406 276 466 illo
304 410 414 482 hoste,
436 411 490 487 qui
519 413 652 487 undique
680 411 873 488 irruptiones
901 409 1053 482 molitur,
1077 406 1177 467 diffun-

220 501 327 579 ditque
339 522 574 580 quoquoversus
586 523 712 564 suorum
723 523 883 565 armorum
895 509 1048 564 terrores.
1060 504 1107 562 At
1117 499 1176 558 nul·

220 594 252 654 la
265 596 406 672 profecto
421 598 555 658 formido
569 601 633 661 Nos
647 601 686 659 ab
700 599 758 659 illa
772 618 825 676 spe
840 599 975 660 deiicere
990 599 1108 674 potest,
1126 609 1176 670 qus

219 688 252 746 in
274 691 380 750 divino
402 693 574 753 solidamur
595 694 770 770 praesid103
793 693 881 753 cuius
903 696 953 752 tot
973 689 1105 768 egregia
1123 687 1174 745 iam

221 783 388 845 retulimus
416 791 528 846 contra
554 787 686 847 hostiles
711 791 841 847 conatus
863 787 1058 846 documenta.
1083 781 1174 841 Abeo

220 895 325 954 pacem
347 881 469 939 assidue
490 882 689 958 flagitamus,
712 881 764 940 sed
787 899 853 941 eam
876 897 1004 958 pacem,
1028 893 1109 953 quae
1131 875 1175 932 lic·

218 969 331 1031 olesiae
354 973 511 1048 proficiat,
532 993 610 1050 quae
631 974 746 1034 amissa
766 979 904 1049 reparet,
928 989 1006 1048 quae
1033 967 1174 1042 dissipata

219 1070 403 1143 congreget,
427 1087 504 1144 quae
527 1068 681 1143 dispersos
703 1071 844 1144 pastores
867 1067 1035 1140 fidelesque
1063 1066 1173 1120 ceteros

218 1162 255 1218 ud
278 1178 335 1219 sua
355 1164 484 1220 revocet
505 1179 605 1234 sacra,
629 1163 759 1239 templa,
774 1160 965 1229 ministeria,
985 1156 1173 1216 aberrantes·

218 1274 277 1332 que
298 1273 317 1314 a
338 1255 451 1315 salutis
466 1257 518 1316 viu
532 1259 570 1318 ad
593 1259 740 1317 amissum
756 1256 906 1316 veritatis
920 1253 1028 1312 lumen
1044 1249 1170 1307 inducat.

217 1349 304 1407 Hanc
325 1351 388 1408 Nos
410 1351 511 1408 tecum
535 1353 567 1409 et
589 1369 658 1410 cum
681 1350 838 1410 similibus
857 1347 1052 1423 suspiramus
1067 1357 1171 1418 pacem,

216 1457 252 1499 ao
275 1442 431 1500 vobiscum
454 1461 618 1518 numquam
642 1444 824 1518 interrupta
852 1443 927 1499 vota
953 1435 1170 1513 coniungimus.
1208 1496 1209 1499 Ἴ

216 1535 361 1612 Tibique,
385 1537 499 1596 dilecte
521 1538 585 1596 Fili
605 1540 734 1610 Noster,
752 1542 787 1596 ut
807 1539 841 1594 et
862 1535 985 1594 felicem
1001 1532 1099 1592 huius
1112 1525 1172 1589 anni
1204 1573 1210 1601 ,ἶ

218 1629 408 1704 ingressum,
421 1634 453 1690 et
467 1631 640 1690 feliciorem
652 1633 771 1690 exitum
784 1629 817 1688 in
830 1628 960 1688 Domino
971 1621 1172 1700 consequeris,
1206 1646 1208 1712 j

215 1724 315 1797 Apost
302 1722 426 1781 tolicam
442 1724 694 1782 Benedictionem
707 1723 886 1782 divinorum
899 1735 1066 1779 munerum
1082 1713 1207 1803 auspi-5³
1206 1713 1207 1720 ’

217 1832 283 1873 cem
305 1821 507 1891 peramanter
528 1816 740 1892 impertimur.

278 1911 391 1968 Datum
415 1911 532 1969 Romae
557 1910 606 1968 die
627 1911 704 1968 XXI
724 1907 863 1968 Ianuarii
885 1905 1092 1976 MDOCXCV‚
1108 1904 1210 1961 Pon

219 2002 320 2063 tificat
307 2009 357 2062 tus
379 2003 489 2063 Nostri
512 2021 592 2062 anno
613 2005 685 2062 XX
1203 1979 1207 2092 i

1206 2095 1207 2126 l

1202 2126 1207 2158 l

1203 2160 1210 2183 ,,

606 2206 800 2262 ΧΧΧΙΙΙ.

555 2346 849 2409 RISPOSTA

269 2518 349 2578 Allo
368 2519 527 2580 Memoria
548 2529 720 2582 trasmessa
740 2539 799 2582 con
821 2524 855 2581 la
875 2520 912 2579 di
932 2520 993 2580 Lei
1016 2524 1132 2581 lettera
1204 2522 1208 2531 '

503 2631 592 2707 deuii
612 2631 634 2688 8
654 2629 769 2689 Morzo
792 2627 892 2689 1795.

277 2837 401 2897 Presosi
422 2835 453 2895 in
482 2837 730 2895 considerazione
752 2836 837 2896 dalla
863 2837 1038 2913 particolar
1058 2853 1174 2913 congre·

217 2929 344 3007 gaulone
368 2931 520 3005 deputata
541 2928 623 3005 sugli
645 2928 735 2988 affari
756 2928 960 2989 ecclesiastici
983 2930 1016 2988 di
1037 2929 1172 3000 Francia,

216 3023 242 3081 il
263 3027 433 3082 contenuto
455 3022 540 3082 della
560 3023 649 3081 detta
669 3022 865 3094 memoriae
888 3027 1006 3082 renutu
1027 3025 1111 3083 nella
1130 3026 1174 3080 de-

216 3116 442 3176 terminazione
463 3115 764 3192 coll’approvuzione
786 3116 818 3174 di
846 3117 962 3176 Nostro
984 3117 1127 3195 Signore,
1148 3115 1173 3173 di

216 3211 350 3268 rendere
371 3208 474 3268 intuso
495 3209 546 3268 chi
567 3211 608 3267 hu
628 3225 786 3285 promosse
807 3209 838 3268 le
859 3209 977 3270 istanze
1000 3213 1083 3272 nella
1094 3213 1173 3270 detta

217 3301 368 3361 memoria
380 3301 461 3360 delle
476 3300 655 3360 risoluzioni
670 3318 759 3376 prese
770 3311 920 3378 rapporto
931 3304 993 3364 alle
1006 3305 1171 3364 medesime.

279 3395 306 3453 l.
324 3394 488 3472 Riguards
501 3393 533 3453 la
547 3394 650 3470 prima
671 3394 696 3454 il
711 3395 910 3472 giuramento
932 3398 964 3457 di
984 3398 1096 3458 liberta
1117 3396 1173 3456 edi

216 3487 430 3566 eguagliauza.
