2426 4192
210 293 278 352 nire
300 291 433 369 possint,
455 293 550 374 atque
572 293 610 349 nt
630 289 765 366 spatium
787 288 888 366 ipsum
911 289 1043 349 nonsit
1072 307 1179 366 proro·

209 390 345 466 gaudum
373 389 504 462 propter
531 384 754 443 nonnullorum
776 384 973 456 absentiam
1000 385 1058 443 sed
1080 384 1180 460 magis

208 485 351 550 curetur,
372 497 412 538 ne
433 478 572 538 Ecclesia
591 476 712 537 diutius
733 476 854 538 visibili
870 494 926 536 suo
941 477 1056 553 Capite
1070 482 1180 537 careat

209 593 324 651 suoque
351 576 490 649 pastore.
517 573 634 631 Verum
656 589 735 648 quae
756 570 882 632 stabilis
903 588 941 630 ac
961 569 1179 630 determinata

208 669 263 729 lex
283 668 425 727 incertae
443 665 623 725 necessitati
638 668 812 742 temporum
828 662 1178 725 turbulentissimornm

209 761 340 840 praefigi
362 759 484 838 potesti
504 758 635 824 Quinam
652 761 746 818 rades
761 760 825 818 erit
839 758 871 816 in
887 757 1112 834 praesentibus
1127 757 1179 814 hn-

209 871 373 915 manarum
398 868 503 911 rerum
531 849 802 909 vicissitudinibus
824 849 952 909 minime
973 847 1124 908 futurum
1146 851 1178 907 ut

209 952 353 1025 tempora
372 965 450 1023 quae
472 947 510 1005 ab
531 944 623 1004 initio
645 945 785 1022 praelixa
805 945 933 1006 inerant
954 945 993 1004 ad
1009 963 1135 1005 summa
1148 947 1177 1004 et

210 1039 399 1119 gravissima
420 1037 547 1114 negotia
566 1038 809 1114 pertractanda,
831 1038 972 1098 breviari
995 1038 1051 1098 vel
1072 1055 1176 1115 proro-
1209 1035 1210 1054 ³

210 1133 282 1212 gari
303 1131 458 1192 debeanti

270 1228 372 1293 Quare
394 1224 649 1284 consuetudinem
671 1224 760 1284 illam
775 1229 809 1285 et
823 1226 923 1304 legem
939 1226 977 1285 de
992 1225 1102 1285 deoem
1118 1225 1175 1284 dia·

209 1323 267 1383 bns
289 1326 517 1397 temperamus3
539 1323 573 1378 et
593 1319 813 1380 cardinalibus
835 1322 868 1379 S.
891 1323 931 1381 R.
954 1321 993 1379 ll.
1016 1319 1073 1396 qni
1087 1337 1175 1396 prae-

210 1418 312 1478 sentes
333 1417 440 1484 erunt,
463 1412 597 1472 liberum
613 1412 782 1473 arbitrium
797 1414 905 1473 damus
918 1417 952 1474 et
964 1413 1173 1485 concedimus,

211 1514 247 1570 nt
268 1527 328 1568 non
345 1510 512 1584 expectato
523 1507 642 1565 decimo
656 1506 705 1565 die
721 1506 888 1567 viduitatis
902 1506 1109 1583 Apostolieae
1123 1508 1174 1566 Se-

208 1602 275 1674 dis,
297 1602 328 1661 in
352 1599 498 1659 conclave
523 1599 762 1672 convenientes,
791 1599 936 1674 omnique
964 1616 1057 1658 mora
1084 1599 1174 1658 abru-

209 1700 276 1774 pta,
293 1694 500 1772 praeveniant
514 1692 737 1769 impedimenta
751 1691 897 1768 praevisa
907 1695 941 1750 et
952 1692 1101 1768 proxima
1113 1693 1173 1749 sinc

209 1791 248 1850 ob
261 1788 461 1848 imminentes
479 1786 614 1863 inquieti
633 1785 739 1862 populi
759 1785 932 1856 tumultus,
955 1785 1023 1845 sive
1045 1788 1172 1862 propter

209 1880 409 1942 excursiones
430 1883 465 1938 et
484 1882 604 1938 metum
628 1879 715 1951 belli,
740 1878 790 1937 vel
812 1878 850 1936 ob
871 1877 951 1937 alias
969 1876 1093 1937 similes
1109 1896 1174 1955 pro.

209 1975 312 2035 ximas
325 1991 435 2034 causas
449 1973 679 2032 calamitatum.
695 1974 720 2033 Ε
735 1977 847 2032 contra
861 1973 886 2031 si
902 1971 961 2031 illa
975 1973 1086 2032 eadem
1107 1991 1173 2049 gra·
1211 2007 1212 2028 t

177 2137 180 2150 y
209 2067 263 2128 via
291 2065 453 2125 obstacula
480 2064 540 2124 iam
570 2064 749 2141 praesentia
769 2065 853 2138 sint,
882 2068 916 2124 et
941 2065 1173 2140 conspiciantur

210 2160 365 2221 violentia
385 2177 442 2218 sua
462 2158 566 2218 omnia
587 2159 787 2234 perturbare,
804 2177 859 2218 nec
875 2160 972 2220 ullam
993 2157 1172 2235 tranquilli·

209 2254 288 2313 tatis
301 2258 334 2310 et
348 2250 508 2310 libertatis
522 2268 606 2326 spem
622 2251 817 2326 relinquant,
830 2254 896 2311 tum
911 2251 950 2310 ab
965 2250 1078 2310 iisdem
1096 2251 1172 2310 Oar-

209 2345 365 2406 dinalibus
386 2345 521 2421 spatium
543 2344 620 2404 illud
643 2347 872 2404 extendendum
892 2364 928 2406 ac
944 2347 1170 2422 prorogandum

209 2441 285 2513 erit,
302 2440 398 2498 donec
414 2443 584 2516 tempestas
598 2441 737 2500 residere
751 2440 896 2516 incipiat,
912 2444 1098 2518 tempusque
1114 2457 1172 2498 ma·

210 2535 259 2613 gis
280 2551 424 2594 serenum
445 2533 609 2610 splendere
631 2535 790 2595 videatur.
814 2534 968 2594 Volumus
989 2536 1117 2611 itaque,
1140 2535 1170 2591 ut

209 2629 246 2688 ad
269 2627 391 2686 eosdem
413 2627 596 2688 cardinales
611 2630 644 2687 S.
660 2630 697 2688 Ε.
714 2630 754 2689 R.
770 2631 909 2704 potestas
925 2634 1001 2688 tunc
1015 2627 1170 2704 pertineat

147 2733 150 2738 “
208 2721 366 2782 iudicandi
388 2739 424 2780 ac
446 2721 633 2781 decernendi
654 2739 712 2798 pro
735 2739 841 2780 rerum
858 2721 1039 2780 conditione
1054 2720 1168 2798 quando

208 2814 240 2873 in
262 2815 418 2876 Oonclave
439 2813 676 2892 ingrediendum
699 2815 759 2886 sit3
783 2815 922 2892 itemque
938 2814 1085 2874 volumus
1099 2810 1167 2872 utsi

209 2927 268 2969 nou
291 2910 427 2967 omnium
449 2925 579 2967 concors
601 2908 758 2968 sententia
780 2913 872 2982 esset,
886 2926 991 2968 omnes
1008 2913 1114 2967 tamen
1128 2909 1166 2964 ts·

208 3007 342 3067 neantui
357 3025 390 3064 se
405 3005 598 3065 conformare
613 3008 646 3063 et
659 3005 784 3064 obedire
799 3005 883 3064 dicto
898 3005 1028 3064 maioris
1043 3019 1165 3063 numero

208 3099 320 3177 partis.
337 3100 420 3166 Quod
435 3098 461 3156 si
475 3096 641 3172 tranquilli
654 3101 750 3156 erunt
762 3097 827 3156 dies
839 3098 1007 3173 praedicti,
1020 3103 1054 3156 et
1073 3095 1166 3155 omnia

208 3195 324 3269 absque
345 3192 411 3251 ullo
432 3190 507 3249 mali
530 3189 669 3265 periculo
691 3189 793 3248 veluti
815 3190 847 3247 in
870 3194 964 3266 portu
986 3189 1164 3257 consistant,

207 3287 282 3343 tunc
302 3284 407 3344 omnia
428 3282 595 3341 secundum
617 3280 720 3356 legem
743 3279 833 3353 fiant,
856 3285 889 3340 et
910 3267 1060 3340 servetur
1081 3295 1163 3356 praa-

208 3377 325 3436 dictum
339 3376 475 3454 spatium
488 3377 592 3432 decem
608 3374 729 3434 dierum
742 3389 798 3448 pro
811 3375 955 3450 ingressu
968 3374 1000 3433 in
1013 3374 1161 3433 conclave:

206 3474 301 3549 atque
322 3471 369 3533 ita
390 3472 472 3530 haud
494 3467 585 3545 pauci
606 3486 647 3527 ex
667 3469 887 3530 Cardinalibus
907 3468 1036 3547 quinon
1052 3467 1160 3544 degunt
