2426 4192
162 333 166 340 ,
219 265 278 342 bae
298 265 479 344 hypothesi,
494 269 527 326 et
547 265 693 342 quamdiu
715 265 747 324 in
769 267 826 324 hoe
847 269 943 343 portu
965 265 1178 337 morabuntur,

220 359 258 419 ad
280 376 351 419 suas
376 359 515 420 vicissim
541 359 750 419 confessiones
776 359 975 437 excipiendas
1001 360 1176 436 approbare.

280 452 310 512 2.
334 453 420 512 Fieri
441 471 548 530 posse,
564 456 601 512 ut
611 453 721 511 horum
736 452 808 512 fidei
822 453 1034 511 confessorum
1050 451 1178 512 destina-

220 543 335 619 tiones,
351 545 418 606 sive
432 547 529 622 quoad
545 548 671 622 portum
686 545 718 604 in
733 563 792 622 qno
805 545 894 605 navis
906 545 1062 621 profectio
1078 563 1176 623 exspe

220 638 335 697 etanda
355 637 430 710 erit,
448 639 513 698 sive
535 639 634 715 quoad
655 637 825 714 ipsummet
845 638 934 698 exilii
956 639 1074 712 loenm,
1099 659 1175 701 esu·

219 746 328 806 prema
342 730 518 791 Galliarum
540 733 697 808 potestate
719 731 822 790 subito
844 749 879 790 ao
901 732 1065 809 inopinate
1087 737 1171 792 mute»

221 829 293 884 tur:
316 829 505 902 quapropter
526 825 564 884 ad
585 824 678 885 finem
701 824 860 885 intentum
881 825 1051 887 efficaciter
1080 845 1172 887 eonse-

220 920 375 996 quendum
396 918 565 995 expedire,
596 921 632 976 ut
659 935 718 976 non
746 935 802 994 pro
828 917 1003 994 Rupifortii
1031 925 1126 996 portu
1146 925 1171 978 et

221 1012 344 1072 Guiane
364 1016 507 1084 tantum,
530 1011 583 1070 sed
605 1022 639 1071 et
658 1028 714 1086 pro
736 1011 799 1070 alio
820 1029 1014 1088 quorumque
1035 1017 1129 1089 portu
1145 1017 1169 1072 ot

221 1105 302 1174 loeo,
319 1104 502 1180 ubicumque
516 1103 612 1162 etiam
627 1102 741 1179 religio
755 1104 913 1164 catholiea
927 1105 1029 1181 viget,
1042 1106 1083 1165 ad
1097 1123 1169 1182 quem

221 1196 368 1274 (durante
391 1214 499 1256 eorum
525 1195 755 1274 deportationis
776 1196 905 1275 itinere)
927 1197 1125 1273 pervenient,
1142 1215 1169 1255 re

219 1306 277 1366 per
290 1292 490 1350 transennam
506 1290 795 1361 commorabuntur,
809 1290 991 1365 supradicta
1005 1290 1169 1367 approbatio

221 1385 347 1458 valeat,
370 1387 464 1460 atque
485 1385 532 1444 ita
551 1400 660 1442 eorum
681 1384 889 1445 eonscientiae
911 1384 1126 1445 anxietatibus
1142 1402 1168 1442 se

221 1476 499 1552 perplexitatibus,
514 1495 592 1552 quae
607 1477 640 1535 in
656 1475 791 1536 diversis
811 1494 849 1536 ao
868 1477 1095 1538 momentaneis
1107 1478 1168 1554 ipso·

225 1585 296 1628 rum
318 1569 506 1629 stationibus
520 1586 559 1628 ex
573 1566 808 1646 approbationis
827 1567 951 1628 deiectu
967 1568 1049 1628 oriri
1064 1576 1167 1646 possent

223 1668 421 1723 occurratur.

282 1756 312 1816 3.
336 1758 404 1818 Non
420 1757 523 1815 minus
538 1756 747 1816 necessarium
760 1773 839 1827 esse,
858 1759 893 1815 ut
908 1755 984 1815 haee
1003 1753 1165 1833 approbatio

222 1867 277 1910 seu
297 1849 435 1909 facultas¹
453 1850 490 1910 ad
513 1865 617 1908 omnes
638 1849 892 1925 irregularitatis
911 1865 1002 1908 casus
1027 1865 1165 1909 censurae

222 1959 281 2019 que
303 1947 495 2015 reservatas,
517 1942 613 2000 immo
635 1944 673 2001 ad
695 1941 784 2000 illam
806 1941 914 2015 etiam,
936 1960 1016 2018 quae
1037 1957 1165 2019 expres·

222 2035 299 2096 stito
320 2036 497 2096 iuramento
519 2034 632 2106 oivioo,
655 2037 797 2112 tempore
819 2033 893 2093 utili
914 2036 996 2094 haud
1013 2037 1164 2096 retraetata
1197 2081 1198 2088 ,

222 2129 261 2189 ab
283 2129 417 2190 lntrusis
439 2127 626 2199 incurritur,
642 2127 891 2200 seseextendat3
907 2145 947 2186 ex
963 2129 1090 2205 eoquod
1111 2143 1164 2184 non·

222 2223 305 2282 nulli
326 2220 478 2281 eiusmodi
499 2219 664 2279 eriminum
686 2219 734 2278 rei
755 2220 934 2281 sacerdotes
954 2221 1051 2281 etiam
1075 2223 1164 2296 depor-
1194 2231 1197 2350 Ι

223 2316 388 2388 tabuntur;
404 2332 440 2373 ae
461 2313 552 2392 proin
575 2313 645 2373 fieri
667 2316 782 2391 potest,
800 2315 836 2372 ut
857 2331 897 2373 ex
918 2313 994 2390 ipsis
1016 2309 1163 2391 aliqui,-

223 2411 299 2472 vina
319 2411 494 2488 opitulante
516 2409 638 2486 gratia,
661 2411 698 2468 ad
720 2407 944 2486 poenitentiam
967 2411 1110 2482 adducti,
1127 2425 1163 2465 re·
1194 2357 1196 2488 l

223 2503 442 2564 eoneiliatione
463 2521 498 2563 ae
519 2501 749 2578 dispensatione
776 2519 870 2578 super
897 2502 982 2561 hisee
1003 2498 1162 2581 irregulari·
1192 2495 1195 2626 ι

224 2597 345 2659 tatibus
367 2613 432 2654 sese
454 2595 565 2672 dignos
585 2595 730 2653 reddant.
753 2595 830 2656 Oum
858 2600 964 2654 autem
987 2596 1029 2656 iis
1055 2591 1159 2673 quitali

224 2693 313 2752 modo
327 2691 554 2752 absolutionem
567 2693 600 2749 et
612 2689 874 2766 dispensationem
887 2690 1093 2764 obtinuerint,
1101 2705 1160 2749 seeu-

225 2787 297 2847 dala
317 2785 448 2856 maiora,
465 2782 515 2842 vel
538 2781 659 2841 minora
681 2781 714 2841 in
736 2781 871 2842 diversis
892 2783 995 2844 forsan
1019 2797 1160 2844 eorumre·

224 2879 377 2942 sidentiae
398 2875 475 2936 loeis
503 2875 679 2952 reparanda
706 2875 888 2952 supersint,
910 2893 1023 2952 operae
1051 2875 1157 2954 pretiun

224 2975 352 3034 videtur
374 2972 557 3040 decernere,
580 2970 617 3027 ut
637 2967 752 3041 iidem,
776 2967 802 3026 si
825 2985 970 3045 umquam
992 2970 1026 3028 in
1048 2987 1112 3030 snas
1127 2981 1159 3024 re·

223 3066 380 3145 speetivas
399 3063 555 3122 dioeceses
582 3060 762 3134 redierint,
785 3062 906 3121 ordinis
928 3081 947 3122 a
967 3082 1028 3140 quo
1050 3056 1157 3139 suspensi
1188 3049 1191 3182 1

158 3172 161 3179 “
224 3161 352 3221 fuerant
372 3157 548 3217 functiones
571 3173 630 3214 non
652 3156 726 3213 ante
747 3171 896 3214 exercere
918 3155 1074 3228 audeant,
1094 3165 1157 3230 quau

225 3251 394 3313 ordinario
415 3268 470 3310 suo
484 3248 627 3326 legitimo
643 3265 709 3307 sese
723 3248 1011 3325 praesentaverint,
1028 3246 1155 3309 lieentiau

226 3347 306 3406 hano
327 3346 366 3404 ab
387 3344 454 3421 ipso
477 3341 733 3418 impetraverint,
754 3345 848 3418 atque
870 3342 1019 3402 seandala
1038 3341 1098 3402 sive
1115 3353 1156 3396 mr

227 3437 296 3498 iora
310 3437 376 3496 sive
398 3434 585 3508 minora,'in
606 3432 751 3510 ipsismet
763 3435 840 3495 looia
862 3434 956 3509 (alid
979 3425 1153 3502 recesserit),
