2430 4202
271 408 421 465 erronea,
444 393 483 452 ab
504 392 575 451 aliis
595 409 673 451 vero
694 392 832 470 maligne
861 393 1019 470 adscripta
1039 393 1151 453 fuisset
1170 394 1212 452 ad·

269 485 408 545 haesioni
429 485 605 546 Cardinalis
627 486 659 545 S.
675 486 833 546 Ecclesiae
855 505 937 546 novo
958 487 1006 547 illi
1029 487 1159 547 scelesto
1182 486 1211 545 si·

270 579 410 640 stemati.
432 582 473 640 Et
498 598 612 640 revera
632 598 669 639 ne
694 581 767 639 huic
789 580 958 658 suspicioni
979 581 1108 641 daretur
1122 598 1210 650 canu,

271 671 410 732 debitum
431 676 502 733 erat
522 673 711 733 conditionis
739 691 848 747 meae,
876 691 1098 750 quamcumque
1124 674 1212 751 potins

269 764 422 825 bonorum
444 764 651 840 amissionem,
673 765 833 843 quaelibet
853 784 1002 844 personae
1024 767 1210 838 incommoda,

269 861 303 919 et
319 860 461 936 quamvls
472 860 635 946 molestam
650 859 736 920 viiae
750 859 960 920 conditionem
975 861 1147 937 apostolico
1158 861 1209 919 nni·

269 968 319 1010 mo
335 951 495 1029 perferre,
517 970 609 1028 quam
631 954 736 1012 deesse
757 952 1003 1030 obligationibus
1021 971 1058 1012 ac
1077 953 1208 1032 dignitati

173 1041 176 1048 ’
268 1043 455 1116 (lacrimulis,
471 1045 550 1104 hanc
571 1045 740 1105 abdicando
755 1045 787 1104 in
809 1045 876 1105 illis
897 1063 1003 1106 rerum
1020 1045 1170 1107 adiunctis
1181 1046 1208 1104 ot

269 1137 365 1198 vilem
387 1138 529 1198 timorem
551 1137 686 1198 infelicis
707 1139 803 1199 vitae.

327 1233 412 1293 Haec
432 1232 576 1308 quidem,
599 1250 676 1309 quae
705 1235 780 1291 tunc
807 1235 900 1290 erant
927 1235 1145 1308 perpendenda
1161 1251 1203 1290 non

267 1325 481 1386 consideravi:
495 1325 611 1385 idcirco
621 1341 787 1406 agnoscere
799 1324 912 1397 debeo,
925 1325 1108 1401 permisisse
1119 1331 1204 1396 Deum,

266 1438 371 1481 coram
391 1437 452 1496 quo
473 1423 602 1496 propter
616 1437 699 1478 meas
720 1418 828 1494 culpas
848 1418 1102 1480 eminentissima
1121 1419 1205 1480 Eccle-

266 1516 330 1577 siae
358 1513 514 1590 dignitate
539 1531 626 1573 eram
653 1512 809 1589 indignus,
834 1514 870 1571 ut
891 1512 976 1572 oculi
999 1515 1119 1574 mentis
1141 1529 1204 1571 neae

265 1608 337 1668 velo
357 1608 488 1683 quodam
509 1605 756 1675 obducerentur,
780 1607 814 1664 et
839 1623 874 1664 eo
897 1606 1051 1683 temporis
1073 1609 1205 1667 momento

265 1700 456 1779 gravitatem
477 1702 510 1759 et
524 1699 652 1759 effectus
666 1717 753 1760 meae
768 1698 856 1758 illius
877 1699 1088 1761 abdicationis
1108 1719 1160 1759 non
1172 1697 1204 1754 vi·

265 1794 382 1867 derem;
398 1797 431 1853 et
452 1792 496 1852 sic
516 1811 575 1870 ego
590 1793 657 1869 ipse
678 1809 715 1851 ea
728 1809 776 1850 me
790 1791 949 1869 privarem
969 1792 1147 1869 dignitate,
1159 1807 1202 1867 qna

264 1887 297 1946 ln
313 1887 411 1946 oculis
424 1885 493 1945 eius
507 1903 594 1945 eram
616 1885 773 1962 indignus.
790 1883 922 1955 Idcirco,
939 1886 1107 1945 attollam
1122 1901 1204 1961 qnan-

264 1979 314 2041 vis
345 1996 509 2039 erroneam
540 1979 593 2038 vel
625 1977 796 2056 malignam
831 1977 1068 2054 suspicionem,
1100 1977 1146 2038 cui
1168 1993 1212 2036 oe

264 2073 418 2135 casionem
451 2070 502 2132 vel
526 2089 651 2131 causam
679 2069 833 2131 abdicatio
858 2087 928 2129 mea
953 2069 986 2128 in
1018 2071 1088 2131 illis
1120 2037 1212 2129 rcrnni

263 2165 417 2228 adiunctis
431 2163 633 2243 praebuerit,
663 2181 768 2224 coram
797 2163 973 2222 Sanctitate
996 2166 1116 2225 Vestra
1146 2147 1211 2221 sole-i

263 2259 379 2320 mnIter
400 2262 567 2319 condemno
588 2274 727 2317 errorem
750 2274 851 2316 meum
872 2261 905 2316 et
933 2257 1110 2317 indebItnm
1130 2253 1210 2316 tino-l

261 2371 348 2425 rem,
370 2352 423 2429 qni
445 2370 492 2410 me
514 2353 550 2412 ad
573 2351 741 2410 errandum
760 2349 897 2428 impulit.
914 2349 990 2412 Eius
1004 2352 1131 2412 veniam
1149 2345 1209 2426 petel

261 2462 280 2504 a
306 2447 388 2517 Deo,
413 2462 432 2504 a
460 2461 547 2505 sacro
574 2442 788 2505 OardInalium
814 2443 972 2521 collegio,
998 2447 1039 2505 ab
1068 2439 1202 2505 univer-sil

260 2537 536 2599 Ohristifidelibns.
556 2538 673 2597 Verum
694 2538 765 2614 post
791 2539 888 2597 Deum
916 2538 995 2598 hanc
1018 2539 1141 2598 veniam
1162 2549 1203 2610 pt·

260 2631 414 2691 tissimum
429 2635 500 2708 peto
512 2649 531 2691 a
549 2630 725 2692 Sanctitate
740 2631 868 2704 Vestra,
885 2631 966 2691 utta
980 2625 1202 2693 Vicariochri·

259 2724 302 2785 sti
322 2724 355 2784 in
377 2724 472 2784 terris
494 2728 527 2784 et
548 2723 668 2784 visibili
694 2723 851 2784 Ecclesiae
878 2741 951 2783 suae
972 2724 1103 2800 Capite,
1125 2725 1199 2794 aqu

256 2818 346 2879 unico
367 2818 594 2880 cardinalitiae
613 2816 780 2894 dignitatis
801 2817 999 2894 dispositore.
1015 2821 1104 2879 Hanc
1125 2827 1200 2876 exoro

255 2910 343 2973 humi
364 2914 542 2990 prostratus
562 2910 592 2969 in
609 2909 724 2988 spiritu
739 2908 778 2970 ad
794 2912 916 2970 vestros
931 2909 1143 2970 sanctissimos

257 3007 322 3080 des,
335 3005 434 3066 etiam
448 3004 480 3065 in
495 3006 714 3081 argumentum
728 3002 788 3061 mei
803 3003 976 3063 constantis
990 3001 1130 3078 obsequii
1141 3015 1170 3058 ar

257 3115 377 3159 moram
397 3114 559 3175 personam
573 3094 760 3156 Sanctitatis
782 3095 916 3156 Vestrae
932 3094 979 3155 uti
997 3094 1118 3155 Summi
1134 3094 1170 3151 Po

255 3193 351 3253 titicis
366 3193 486 3271 meique
508 3190 680 3269 Principis,
703 3190 796 3250 simul
818 3189 991 3267 implorans
1014 3187 1180 3250 devotissin

255 3284 381 3347 fervore
403 3287 605 3366 apostolicam
617 3286 764 3345 Vestram
785 3283 1042 3344 benedictionem.

314 3381 460 3441 Recineti
480 3381 567 3440 XIII.
590 3377 782 3456 Septembris
804 3379 992 3439 Mucccxl.

954 3494 1077 3554 Amici.
