2488 4204
644 177 802 236 ..64-

681 345 763 405 xv.

555 467 749 511 vinealem
770 466 890 511 raanan

591 607 862 670 nuousro

565 777 893 856 .mmm0mmms

454 945 626 1026 PIUS
681 944 872 1021 PAPA
926 941 994 1020 W.

363 1151 452 1209 ven.
472 1149 607 1218 Frater,
619 1145 773 1205 Salutem
794 1149 831 1204 et
850 1145 1093 1216 apostolieum

578 1245 874 1303 Benediotionem.

304 1409 392 1469 Misit
406 1409 443 1468 ad
465 1407 529 1468 Nos
551 1408 589 1466 de
610 1408 758 1467 mandato
772 1404 989 1466 fraternitatis
1002 1409 1081 1467 tuae
1095 1408 1194 1467 Noster

243 1502 432 1580 apostolicus
460 1498 590 1560 nuntius
610 1500 908 1561 Palatino-bavarus
930 1500 1007 1558 duas
1030 1498 1193 1575 pastorales

243 1595 394 1674 epistolas
414 1613 433 1656 a
453 1597 486 1653 te
500 1593 670 1668 confectas,
682 1592 817 1655 alteram
831 1594 985 1654 directam
1005 1593 1096 1653 olero
1110 1591 1194 1672 partis

244 1687 392 1748 dioecesis
414 1686 569 1748 exstantis
591 1687 623 1747 in
655 1686 800 1758 Aleatia,
815 1687 958 1746 Oltoram
986 1687 1104 1764 populo
1128 1687 1194 1746 eius·

243 1784 313 1844 dem
327 1780 427 1859 partis
448 1780 610 1848 dioeeesis3
623 1797 675 1840 eas
697 1797 757 1841 non
780 1779 958 1840 dubitamus
972 1780 1069 1858 plane
1092 1779 1194 1840 unitor·
1215 1779 1216 1810 ³

243 1895 309 1938 mes
319 1895 384 1938 esse
397 1876 481 1949 aliis,
490 1893 566 1953 quas
576 1875 673 1936 Nobis
683 1877 855 1936 reddendas
865 1873 1076 1935 transmisisti
1091 1877 1193 1952 (queu-

191 1995 193 2002 ’
243 1972 408 2031 admodum
430 1987 470 2030 ex
483 1969 710 2030 recentioribus
731 1970 796 2030 tuis
817 1969 869 2028 die
892 1968 931 2028 17
951 1967 1093 2029 octobris
1114 1964 1192 2026 intel·

242 2063 401 2141 leximus)
421 2063 615 2124 Bernerdiuo
641 2061 823 2141 Bouiiglioli
851 2065 980 2122 tuorum
1009 2061 1191 2140 negotiorum

243 2157 373 2236 gestori,
388 2173 464 2233 quas
486 2159 590 2217 tamen
611 2174 648 2216 eo
663 2156 703 2218 ab
724 2157 802 2216 urbe
823 2158 924 2217 edhuo
943 2157 1087 2229 absente,
1104 2155 1190 2216 hante
1212 2169 1214 2252 ι

243 2267 302 2311 nus
322 2268 382 2310 nou
405 2249 590 2326 eooepimus.
606 2250 648 2310 Iis
668 2249 879 2327 pastoralibus
900 2249 1046 2328 epistolis
1069 2251 1134 2310 tuis
1153 2263 1191 2305 ro
1211 2263 1213 2340 ι

242 2341 332 2404 luisti
346 2359 403 2420 pro
425 2346 481 2404 tua
494 2341 660 2420 episcopali
672 2343 887 2405 sollieitudine
902 2343 987 2404 viam
1001 2345 1142 2404 iudicare
1153 2336 1187 2399 illi
1210 2345 1212 2438 j

243 2437 329 2497 olero
349 2439 383 2496 et
403 2436 528 2514 populo,
543 2453 605 2513 qus
624 2435 739 2496 debent
760 2435 954 2498 difficillimis
976 2437 1063 2497 hisee
1085 2441 1187 2511 tempo
1210 2439 1211 2518 l

206 2581 208 2586 ,
243 2529 331 2590 ribus
350 2531 524 2605 ambulare,
546 2549 584 2591 ue
605 2529 765 2592 offendant
785 2534 822 2593 ed
844 2531 982 2608 lapidem
1004 2532 1102 2607 pedes
1121 2541 1184 2590 suot.
1209 2545 1210 2606 ι

243 2624 398 2700 Utrasque
418 2622 511 2684 avide
530 2623 734 2702 perlegimus,
761 2626 944 2701 attenteque
971 2623 1184 2701 perpendimus
1208 2645 1209 2694 l

242 2719 336 2795 atque
357 2717 390 2777 in
411 2719 554 2796 utrisque
574 2719 772 2797 perlegendis
794 2723 988 2796 summopere
1009 2719 1122 2781 laetati
1144 2731 1183 2775 su·
1207 2737 1208 2782 l

243 2829 324 2885 mus,
337 2813 566 2891 intelligentes,
577 2831 639 2890 qua
648 2812 773 2873 virtute
786 2813 989 2874 Fraternitas
999 2817 1057 2875 tua
1070 2814 1104 2873 in
1114 2821 1184 2871 nans
1206 2815 1207 2870 l

243 2925 304 2968 non
326 2906 426 2966 solum
441 2907 578 2980 Nostra,
596 2905 745 2983 Sedisque
767 2908 892 2968 sanotae
915 2906 1125 2985 apostolieae,
1148 2897 1183 2961 sed
1205 2904 1206 2959 l

243 3005 277 3062 et
297 2999 461 3062 universae
483 3000 555 3060 ildei
570 2999 743 3061 catholicae
757 3001 909 3062 adversus
930 3019 982 3064 eos
1003 3019 1036 3062 se
1059 2996 1182 3081 gessero,
1203 2987 1205 3066 l

243 3093 297 3171 qui
320 3093 497 3154 novissimis
517 3088 605 3154 hisee'
614 3093 806 3172 temporibus
820 3097 1021 3156 attendentes
1041 3091 1183 3173 spiritibus
1203 3069 1204 3136 l

243 3187 362 3248 erroris
375 3188 533 3248 doetrinae
561 3189 740 3265 prurientes
761 3190 890 3251 auribus
917 3189 1137 3258 disseminant,
1158 3179 1182 3238 tl

243 3282 400 3342 abducant
412 3280 562 3358 plurimus
576 3287 647 3358 post
661 3301 711 3356 se3
727 3286 761 3343 et
774 3301 834 3360 qua
848 3283 921 3357 fide,
933 3302 994 3361 quo
1009 3284 1074 3344 zelo
1088 3274 1179 3342 salutis

244 3375 431 3447 animarum,
454 3392 514 3451 qna
527 3374 646 3450 pietate
666 3379 700 3436 et
724 3376 892 3453 prudentia
912 3376 1030 3437 eisdem
1051 3373 1147 3452 impiis
1158 3367 1181 3424 el

245 3467 450 3530 sohismatiois
462 3468 637 3530 hominibus
654 3470 684 3529 iu
700 3470 826 3533 Alsatia
840 3471 943 3532 omnia
958 3490 1011 3531 sus
1027 3472 1120 3548 deque
1130 3476 1183 3523 rer·
