2430 4202
270 361 379 440 spioua
396 363 430 421 et
449 359 614 422 manifesta
629 365 715 435 suni,
732 366 767 422 et
787 362 857 423 odio
879 359 1049 438 Religionis
1065 358 1191 419 inereduli

269 471 375 532 ueoem
397 455 590 528 attulerunt,
606 458 640 516 et
652 456 746 516 Fides
767 455 847 534 apud
863 455 1041 515 Inonedulos
1058 452 1191 513 Pontium

269 548 419 626 sunguine
430 547 595 624 obsignata
605 549 665 608 esi:
678 548 863 625 omninoque
875 546 1041 608 verissima
1049 550 1126 618 anni,
1135 561 1192 621 qnae

269 642 361 704 divus
382 641 558 720 Cyprianus
578 642 617 701 de
634 639 789 719 martyrio
810 640 930 713 doouit;
951 657 1012 699 nou
1031 641 1085 712 est,
1107 639 1192 698 Petrus

268 735 529 808 Eminentissimi,
544 736 762 808 dubitandum,
776 734 852 812 quin
873 736 955 794 Deus
968 733 1103 810 Optimus
1119 729 1194 790 blaxi-

269 845 338 890 mus
370 829 564 890 nobilissimo
595 829 753 908 Martyrio
774 829 865 889 Pium
898 829 1029 888 Sextum
1055 841 1154 902 augere
1170 838 1192 882 ao

270 923 436 983 honestare
456 922 608 983 voluerit.
911 972 915 990 ,

330 1017 389 1076 Sed
405 1033 463 1092 ego
485 1016 640 1077 vaniama
660 1015 843 1076 beatissimo
864 1015 945 1074 Seue
959 1016 1100 1089 depreoer
1119 1025 1194 1068 uaeas»

270 1126 302 1169 se
325 1115 385 1182 est,
400 1108 465 1184 qui,
481 1105 720 1168 commemorato
734 1107 1005 1184 praestantissimo
1018 1103 1114 1165 animo
1132 1099 1181 1158 nob'

270 1202 451 1279 lissimoque
471 1202 648 1280 martyrio,
669 1202 723 1262 ubi
745 1201 1066 1278 praeclarissimorum
1091 1195 1192 1258 omniun

270 1295 429 1356 virtutum
450 1307 569 1356 summa
589 1313 657 1355 esse
678 1295 798 1367 debuit,
814 1299 848 1354 et
867 1293 1055 1368 luit3mu1to
1076 1292 1152 1368 plum
1166 1286 1194 1346 si·

271 1389 370 1449 lentio
384 1391 639 1465 praetergressus
659 1406 737 1459 sum,
753 1406 844 1465 quam
859 1387 937 1448 dixi.
954 1389 1049 1454 Quem
1064 1384 1138 1444 enim
1154 1395 1192 1438 non

271 1484 411 1543 terreret
430 1481 600 1559 singularis
620 1481 676 1542 ille
698 1481 857 1542 virtutum
869 1499 905 1541 ao
926 1481 1019 1558 plane
1034 1478 1146 1538 divinus
1161 1490 1194 1532 oo·

240 1587 244 1592 '
271 1574 412 1648 mitatus,
428 1589 521 1651 quum
535 1573 611 1632 Pius
625 1592 684 1634 uon
701 1591 809 1650 parva,
823 1592 884 1634 non
899 1572 1081 1643 mediocria,
1093 1586 1142 1628 non
1153 1581 1194 1624 ua·

272 1683 352 1744 gna,
382 1684 442 1725 non
463 1681 584 1725 summa
614 1666 680 1726 ullo
707 1683 851 1742 umquam
884 1669 1026 1742 tempore
1045 1658 1193 1738 susceperit

271 1760 345 1838 quin
366 1758 482 1819 eximia
502 1758 551 1817 vis
572 1758 669 1818 animi
683 1762 778 1835 atque
795 1758 915 1836 ingenii
929 1757 1110 1834 apparuerit
1125 1747 1193 1812 exod·

271 1853 367 1915 lentis
387 1851 471 1912 omni
492 1851 584 1912 laude
605 1851 752 1911 virtutisi
766 1851 839 1919 Quis
861 1851 918 1911 illo
933 1869 1004 1910 oum
1023 1866 1136 1926 semper
1151 1849 1194 1903 tou

271 1947 304 2007 nin
326 1963 418 2006 oausa
439 1943 617 2020 Religionis
637 1943 821 2016 humanior,
841 1943 895 2020 qui
914 1944 1058 2019 depulsos
1082 1959 1097 2000 e
1115 1935 1194 2000 Galliis

273 2049 306 2100 et
326 2040 492 2116 Episcopus
506 2042 539 2097 et
560 2038 745 2098 Sacerdotes
766 2037 813 2097 ita
833 2038 1014 2114 eomplexus
1031 2041 1081 2096 est
1094 2053 1124 2095 no
1140 2028 1195 2090 iunii

272 2151 335 2211 qua
354 2131 469 2210 potuit3
492 2134 609 2191 utnon
632 2130 703 2191 leve
724 2129 870 2191 habuisse
897 2129 930 2188 in
952 2147 990 2212 eo
1011 2131 1048 2190 ad
1071 2135 1194 2190 aerumnis

273 2225 380 2288 exsilii
391 2223 539 2285 solatium
555 2222 732 2284 fateanturl
745 2222 830 2291 Quod
852 2221 976 2299 quidem
992 2221 1131 2284 solatium
1147 2229 1194 2291 unu

274 2319 301 2380 ni
324 2336 382 2377 non
403 2320 570 2378 contentus
591 2321 674 2377 esset
694 2318 751 2376 aut
770 2315 837 2376 illis
859 2315 945 2387 solis,
967 2319 1025 2376 ant
1047 2322 1115 2375 tuno
1132 2320 1193 2386 quun

177 2483 181 2496 ι
274 2414 339 2490 ipse
361 2413 391 2471 in
414 2412 545 2488 imperio
563 2411 693 2471 floreret
713 2411 904 2488 praebuisse;
922 2414 1083 2486 postquam
1102 2399 1193 2480 imperio

274 2513 308 2566 et
328 2505 406 2564 Sede
428 2522 482 2563 sua
505 2504 643 2564 deiectus
656 2505 689 2563 et
711 2503 820 2582 pulsus
839 2507 899 2576 est,
920 2503 964 2562 sio
987 2503 1076 2562 bonis
1093 2494 1194 2558 omnibns

274 2597 431 2677 praebuit,
448 2601 484 2658 ut
504 2597 582 2656 nihil
598 2597 697 2658 maius
717 2597 787 2658 fieri
809 2596 960 2675 potuerit.
977 2596 1053 2663 Quis
1070 2597 1115 2654 est
1130 2587 1193 2652 enin,

150 2677 152 2682 Α
223 2725 226 2730 ·
274 2691 328 2770 qui
350 2691 517 2768 propositis
537 2691 682 2766 interque
703 2708 735 2750 se
756 2691 944 2766 comparatis
965 2675 1193 2750 incommodisiit

272 2805 352 2864 quae
367 2787 451 2846 ferre
472 2785 602 2861 quisque
616 2803 652 2845 ao
673 2785 812 2845 tolerare
826 2784 946 2854 debuit,
962 2787 996 2843 ei
1016 2782 1057 2841 iis
1069 2794 1137 2858 qnae
1146 2771 1193 2832 Pius

274 2883 312 2943 ad
335 2884 510 2942 extremum
533 2897 628 2955 usqne
644 2877 729 2938 vitae
749 2877 897 2954 spiritum
912 2875 1076 2946 toleravit3
1092 2887 1141 2930 non
1152 2879 1193 2924 sen·

275 2976 349 3048 liat,
369 2991 401 3034 se
422 2972 522 3033 multo
543 2977 610 3050 esse
631 2969 805 3030 minoribus
825 2969 989 3040 affectum,
1010 2951 1194 3026 vexatumti·

274 3069 407 3141 filetum3
423 3065 496 3138 etsi,
512 3064 742 3142 comparatione
761 3063 887 3135 relicta,
903 3061 1090 3140 gravissima
1101 3061 1129 3116 et
1139 3063 1194 3110 snm·

275 3179 326 3222 ma
347 3177 413 3220 esse
435 3157 642 3218 viderentur?
665 3157 722 3215 Est
749 3154 832 3214 enim
854 3155 911 3213 hoo
932 3172 1027 3213 unum
1055 3145 1193 3212 calamitoso

269 3261 415 3331 tempore
437 3251 563 3312 miseris
585 3249 741 3318 solatium,
757 3247 940 3324 intelligere
961 3246 1042 3306 alios
1061 3260 1131 3310 esse,
1147 3245 1193 3311 (1⁰⁰³

275 3346 375 3406 maior
396 3357 617 3405 aerumnarum
631 3342 681 3402 vis
702 3340 866 3419 presserit.
881 3340 959 3411 Quo,
975 3335 1138 3400 miserrimo
1153 3337 1192 3384 cer·

277 3442 321 3510 te,
336 3440 388 3498 sed
411 3441 514 3499 tamen
539 3435 627 3496 unioo
648 3438 681 3494 et
703 3433 876 3494 necessario
898 3432 1087 3508 temporibus
1106 3418 1192 3488 solatio·

160 3537 161 3542 ’
276 3531 345 3610 quis
367 3535 415 3592 est
443 3530 495 3608 qui
515 3528 617 3606 magis
636 3545 742 3601 omues
769 3529 885 3601 bonos,
911 3543 1005 3604 quam
1027 3525 1098 3586 Pius
1115 3514 1192 3580 sextu
