2426 4192
31 303 106 364 risiis
116 306 322 383 propositum,
335 325 395 384 quo
408 308 448 367 ab
463 309 568 369 eadem
590 309 857 382 contendebatur,
873 313 909 369 ut
922 308 980 370 im·

31 397 180 473 probaret,
201 404 385 472 revocaret,
401 402 435 459 et
451 399 562 461 irritas
575 399 694 462 iaceret
715 418 822 462 omncs
837 401 981 462 litteras

30 490 221 566 Apostolicas
239 495 296 554 aas
306 495 436 570 plumbo
460 496 511 554 vel
531 495 569 554 ia
583 496 692 572 forma
710 495 828 556 Brevis
850 495 982 572 capedi-

30 591 87 655 tac,
112 587 254 664 itemque
276 589 437 664 rcecripta
457 595 516 647 etc.
540 587 580 646 ab
609 591 807 650 auctoritate
833 588 866 650 S.
889 587 981 648 Sedis

30 679 118 751 edita,
134 687 167 740 ct
182 681 391 756 pertinentia
414 681 459 741 ud
479 684 615 758 caputia
638 679 825 743 Galliarum
835 690 908 760 poet
921 700 981 743 aa·

28 789 97 831 nam
117 769 215 844 1⁷89,
232 771 289 833 alii
310 791 431 851 quoque
451 776 544 835 eraut
564 775 694 834 articuli
715 774 768 852 qui
790 793 858 834 oum
873 775 980 835 catho-

27 863 97 924 licae
117 864 267 942 religioni
280 868 315 925 st
330 865 489 926 Ecclesiae
507 863 629 925 iuribus
643 867 780 927 maxime
793 866 899 928 forent
912 866 980 926 exi·

27 955 154 1030 tiabiles,
167 957 256 1018 uulls
269 957 388 1018 idcirco
400 955 527 1019 ratione
540 957 669 1019 admitti
684 961 840 1035 poterant:
854 959 928 1036 quin
940 959 978 1018 ad

27 1067 144 1111 examen
161 1051 186 1111 ii
201 1055 354 1112 vocentur
366 1050 512 1123 articuli,
527 1051 580 1129 qui
594 1051 731 1130 supremi
743 1052 867 1130 imperii
883 1052 931 1112 sui
945 1053 977 1112 iu

26 1159 88 1203 suas
101 1144 250 1216 ditiones,
266 1143 443 1204 subversivi
465 1146 549 1217 suut,
565 1143 713 1206 felicitati
734 1163 771 1204 ac
791 1144 980 1222 tranquilli·

27 1237 79 1296 tuti
92 1237 289 1298 subditorum
303 1254 430 1296 suorum
455 1235 624 1308 exitiales,
643 1239 677 1296 et
697 1237 864 1298 manifeste
882 1237 979 1297 alieni

27 1344 42 1386 a
59 1333 201 1406 respectu
222 1330 363 1390 habendo
384 1330 423 1387 ad
439 1327 519 1388 alias
540 1326 682 1389 nationes
696 1332 730 1389 et
749 1331 924 1409 Principes,
946 1330 978 1390 iu

27 1438 91 1496 qnos
104 1422 289 1500 Apostolica
302 1423 408 1496 Sedes,
425 1439 463 1480 ne
479 1419 580 1497 ipsam
593 1421 717 1499 quidem
732 1426 980 1485 neutralitatem

26 1529 143 1575 servare
168 1519 283 1592 posset.

76 1610 196 1670 Verum
217 1608 376 1670 Sanctitas
397 1609 461 1668 Sua
481 1606 619 1667 firmiter
641 1607 742 1669 adhuc
765 1610 911 1686 confidit,
928 1613 980 1673 Di·

27 1704 189 1764 rectoriam
210 1704 455 1781 Exequutivum,
474 1706 539 1763 tam
561 1721 619 1780 pro
634 1722 690 1764 sua
702 1707 875 1783 aequitate,
887 1726 979 1785 quam

27 1812 74 1870 pro
92 1796 329 1857 interventione
357 1797 389 1856 S.
414 1797 461 1856 M.
483 1795 580 1873 Regis
607 1795 829 1875 Hispaniarum
857 1803 979 1862 attente

27 1891 287 1951 consideraturum
303 1888 509 1967 gravissimas
529 1887 679 1963 rationes,
694 1891 732 1949 ob
746 1909 835 1967 quas,
851 1910 980 1968 prosus

28 1983 218 2056 seruientia,
241 1981 393 2043 articulos
415 1980 550 2041 reiicere
570 1980 732 2055 decrevit,
754 1986 792 2042 ia
812 2001 879 2061 qna
902 1999 978 2044 cca·

28 2080 121 2137 teatin
130 2077 275 2156 firmiter
287 2077 349 2134 citi
365 2071 569 2134 manendam
589 2076 699 2147 sentit,
715 2078 816 2135 ctiam
835 2093 908 2140 cum
928 2079 979 2136 vi·

28 2173 70 2228 tac
88 2186 167 2231 sanc
186 2170 343 2245 periculo.

352 2311 637 2479 motion

150 2570 303 2631 Adrastea
324 2571 346 2630 d
370 2571 453 2632 ΜΜ.
472 2575 512 2633 les
533 2574 668 2652 iniquas
684 2575 848 2651 franceis,

257 2665 400 2741 refapite
418 2683 460 2726 en
480 2666 672 2745 anparere
683 2667 740 2744 (1).

508 2799 654 2856 Whltahsll,
673 2799 696 2846 t.
707 2798 799 2846 tuillet
817 2799 886 2847 1tss.

116 2909 119 2918 ‘
135 2910 392 2983 Momsissneur,

76 3003 192 3077 J’obeis
212 3035 288 3077 avec
309 3020 575 3095 compressemout
595 3035 658 3078 aux
678 3019 787 3077 ordros
808 3017 849 3075 du
867 3015 928 3089 roi,
943 3033 981 3075 en

27 3123 94 3169 vous
114 3113 278 3186 envoyaut
302 3110 336 3170 la
356 3111 442 3188 piece
463 3111 493 3170 ci
514 3111 659 3184 incluse,
673 3127 731 3187 par
759 3109 895 3186 laquelle
919 3110 944 3170 il
963 3128 983 3170 a

27 3199 72 3274 plu
91 3208 110 3262 a
132 3219 167 3262 sa
188 3202 320 3280 majesta
342 3203 444 3280 queje
460 3222 536 3264 vous
556 3204 628 3264 fisse
650 3204 724 3281 part
744 3202 782 3262 de
804 3221 859 3262 sou
881 3202 983 3263 inten-

84 3349 119 3404 (1)
138 3348 200 3395 Pius
216 3349 252 3395 VI
267 3349 295 3395 lu
311 3349 465 3407 spoatcltcla
483 3350 587 3397 Litteris
602 3349 676 3397 datas
692 3347 725 3396 sd
740 3349 878 3407 Episcopus
895 3349 983 3397 Gallos

23 3429 67 3476 pro
85 3421 189 3471 aaran
206 3420 237 3470 ta
251 3420 356 3483 Anasta
366 3423 505 3472 eeatcmes
516 3423 701 3473 commendavit
711 3423 814 3482 pietatis
823 3424 980 3488 testimonla,

26 3494 108 3550 rusus
124 3509 168 3546 eos
182 3497 291 3556 haliae
306 3500 359 3546 Itsx
376 3498 731 3559 emebetviu.sup.p.1ss.
796 3550 798 3562 Ι
