2424 4196
599 225 639 240 ..
658 197 699 253 74
720 223 759 238 .-

196 303 423 380 praecipueque
436 300 659 378 Regnlmibus,
673 301 755 377 apud
768 318 848 377 qvos
868 299 918 360 illi
932 297 1104 360 distributi
1117 299 1164 358 de·
1209 314 1211 377 l

198 401 296 474 gnon
311 415 371 454 non
386 395 541 454 mediocre
560 395 658 455 etiam
671 400 796 454 mearet
810 395 885 470 ipsis
900 393 1080 452 universim
1094 392 1164 452 emi·
1210 384 1211 437 i

198 487 313 565 pratis,
333 487 387 563 qui
402 489 440 546 ad
454 489 520 548 Nos
540 488 764 565 confugerunt,
783 505 936 552 novarum
951 484 1164 562 perturbatio·

197 600 274 640 num
294 582 488 658 periculum
510 583 591 657 quod
613 582 646 640 hi
667 583 776 658 populi
797 583 838 642 ob
857 582 921 642 iam
946 579 1164 640 imminentem
1206 612 1209 660 p

197 676 258 740 boc
277 693 360 734 anno
379 675 483 734 victus
510 675 674 752 penuriam
703 675 795 736 facile
822 675 855 734 in
876 674 952 734 illos
972 673 1051 732 mali
1072 673 1162 732 huius
1206 675 1207 714 ³

198 787 323 833 musam
343 769 447 828 multa
465 786 506 827 ex
526 773 617 845 parte
638 769 846 828 coniicerent.
858 770 947 828 Hanc
971 767 1011 826 ob
1032 783 1102 826 rem
1118 783 1165 842 po·
1205 781 1206 785 ’

198 862 265 921 tius
286 861 389 921 visum
410 865 471 933 est,
490 866 526 920 ut
547 861 592 932 bi,
608 862 662 938 qni
682 863 734 920 bic
756 865 830 920 snut
845 859 1065 922 Ecclesiastici
1087 859 1162 918 emi-

199 958 285 1034 grati
300 955 460 1032 encyclica
473 956 608 1032 epistola
619 956 705 1032 typis
719 956 854 1032 vulgata
866 955 971 1034 (quam
989 955 1078 1014 bisce
1106 955 1162 1014 No·

197 1051 274 1110 stris
295 1048 529 1126 coniungimns)
544 1049 684 1108 invitent
698 1051 755 1108 bos
775 1051 858 1126 ipsos
879 1049 1009 1126 populos
1031 1049 1072 1106 ad
1094 1066 1161 1106 eon-

195 1143 357 1202 ferendum
378 1143 410 1202 in
432 1161 593 1202 commune
607 1143 722 1218 stipem
737 1161 794 1218 pro
809 1142 998 1202 miserrimis
1012 1143 1104 1213 aliis,
1116 1140 1161 1218 qui

196 1239 283 1298 inter
308 1236 472 1295 Helvetios
497 1241 752 1304 commorantur3
773 1237 897 1312 iamque
925 1237 984 1295 boc
1012 1239 1108 1296 modo
1134 1237 1160 1294 in
1204 1301 1205 1304 Ἴ

196 1334 254 1392 hac
268 1331 335 1406 ipsa
355 1330 476 1387 ditione
488 1334 599 1387 nostra
619 1345 680 1392 uon
696 1345 796 1404 parva
808 1330 941 1389 collecta
954 1335 1007 1389 est
1021 1331 1159 1407 pecuda

195 1427 283 1486 Hauc
303 1424 334 1480 iu
356 1441 388 1481 se
409 1440 518 1482 curam
539 1421 706 1498 praecipue
727 1423 850 1500 recepit
870 1423 937 1481 eins
959 1427 993 1482 et
1014 1442 1162 1500 quaereu-

197 1521 254 1579 dae
275 1517 531 1592 colligendaeque
552 1507 714 1591 pecuniae,
737 1521 819 1576 etad
834 1517 913 1576 istos
933 1517 1162 1578 ecclesiasticos

197 1608 473 1680 transmittendae,
491 1608 626 1666 dilectus
640 1608 726 1668 filins
737 1610 855 1669 Noster
872 1610 1047 1671 cardinalis
1062 1616 1163 1674 itanu·
1206 1631 1209 1634 ·

196 1707 283 1776 tius,
308 1706 454 1764 Anconae
481 1705 662 1780 episcopus,
684 1721 814 1780 eamque
835 1705 1010 1782 diligenter
1031 1725 1091 1784 pro
1115 1725 1164 1766 sua
1201 1726 1206 1773 l

196 1801 316 1878 pietate
339 1798 549 1875 prosequitur.
571 1799 637 1856 Hoc
657 1798 761 1874 igitur
780 1799 967 1858 continuato
988 1818 1047 1876 per
1070 1801 1163 1877 ipsius
1205 1789 1206 1796 ἵ

196 1896 407 1970 praestantem
430 1909 556 1968 operam
577 1891 716 1950 subsidio
740 1891 814 1952 illos
842 1892 1041 1969 aliquantum
1065 1895 1165 1954 suble·
1206 1903 1208 1972 ξ

196 1989 280 2061 vari,
296 1987 487 2063 ibidemque,
505 1986 556 2044 ubi
572 1985 635 2043 iam
657 1985 880 2058 substiterunt,
897 1987 999 2045 vitam
1026 1987 1163 2047 tolerare
1205 1981 1208 2039 ἕ

196 2098 285 2158 posse
307 2079 500 2138 confidimns.
526 2079 639 2138 Itidem
661 2078 712 2136 hic
739 2077 972 2169 coniungimus⁸
986 2080 1162 2156 exemplum
1207 2073 1208 2167 ᾗ

196 2175 394 2244 litterarum,
406 2189 482 2246 quas
497 2171 560 2232 Nos
581 2170 642 2248 ipsi
663 2171 815 2242 dedimus,
829 2172 877 2229 die
893 2171 1044 2232 vicesima
1066 2173 1164 2250 prima

197 2265 375 2325 novembris
390 2265 463 2322 anni
480 2264 569 2336 1792,
588 2267 626 2324 ad
643 2264 825 2323 universum
840 2266 1030 2326 Germaniae
1045 2267 1163 2326 clerum

197 2364 263 2420 tam
274 2356 478 2429 saecularem,
491 2375 583 2432 quam
598 2357 789 2434 regularem,
804 2357 914 2434 quibus
936 2359 1164 2419 studiosissime

195 2452 287 2512 illum
308 2453 346 2510 ad
361 2453 584 2526 praestandum
599 2452 764 2527 emigratis
777 2451 1002 2513 ecclesiasticis
1025 2470 1164 2512 necessa-

196 2545 280 2608 rium
303 2545 389 2604 vitae
410 2544 602 2621 praesidium
623 2543 747 2604 hortati
769 2563 886 2616 sumus,
910 2563 1010 2622 neque
1033 2564 1094 2606 nou
1109 2547 1163 2607 ali·

195 2657 285 2716 quem
307 2656 368 2696 non
390 2636 577 2695 mediocrem
592 2637 684 2696 buius
706 2637 929 2697 sollicitudinis
943 2641 1084 2702 Nostrae
1098 2641 1163 2702 t'ru·

195 2738 281 2793 ctum
302 2730 448 2806 deinceps
466 2730 629 2788 exstitisse
645 2730 827 2806 gaudemus.
838 2731 907 2806 Ipse
930 2733 1056 2808 pariter
1070 2752 1162 2794 vene·

195 2824 307 2887 rabilis
321 2823 423 2883 frater
436 2823 645 2884 Lucernensis
667 2822 795 2881 nuntius
808 2825 925 2885 Noster
946 2843 1054 2898 suam,
1069 2826 1162 2889 Nobis

196 2916 430 2988 mandantibus,
447 2917 485 2973 ad
500 2914 628 2974 abbates
649 2915 913 2976 monasteriorum
935 2917 1004 2976 eius
1027 2919 1161 2995 regionis

196 3009 286 3071 misit
305 3009 490 3085 epistolam,
512 3023 567 3065 nec
588 3023 656 3064 eam
677 3011 764 3065 certe
784 3008 921 3080 inanem,
938 3013 976 3069 ut
1001 3010 1162 3072 intellexi-

196 3121 284 3176 mus,
306 3100 464 3161 subsecuti
493 3104 678 3176 proveutus.
701 3101 749 3159 Ex
770 3100 882 3176 quibus
903 3103 1049 3163 omnibus
1070 3104 1160 3166 facile

196 3195 269 3268 tibi,
290 3193 482 3254 venerabilis
504 3191 624 3264 irater,
648 3191 855 3268 persuaseris,
881 3200 1018 3269 quantae
1033 3215 1052 3258 a
1065 3196 1159 3260 Nobis

196 3306 233 3350 ao
254 3306 273 3347 a
286 3288 414 3350 Nostris
429 3303 522 3345 curae
544 3284 610 3344 sint
624 3288 662 3344 ad
684 3287 920 3346 sustentandam
935 3289 1159 3366 emigratorum

197 3382 297 3444 vitam
319 3383 492 3456 susceptae.
510 3379 627 3436 Verum
644 3397 680 3438 ne
696 3380 848 3456 postulati
864 3381 912 3440 tui
923 3381 1088 3444 videamur
1103 3400 1157 3441 oon

196 3475 366 3556 plurimam
387 3471 532 3532 habuisse
553 3472 722 3546 rationem,
745 3472 811 3532 eius
840 3472 1004 3547 videlieet,
1020 3476 1107 3536 cuius
1126 3474 1157 3533 in
