2430 4202
232 301 420 364 viridiorem
433 321 470 364 aa
489 305 700 367 robustiorem
714 308 885 385 appulisse,
901 327 962 370 uon
975 327 1063 372 secus
1079 327 1115 370 ac
1126 310 1180 386 ple·

231 397 338 474 risque
357 397 509 460 acciderit
528 401 737 479 Martyribus,
753 421 831 480 quos
852 405 1016 466 testamur
1028 405 1204 466 memoriae

232 492 310 552 item
331 492 371 552 ab
390 492 516 570 ignibus
537 512 701 572 erumpere
721 497 875 573 potuisset
895 497 991 558 Sedet
1011 515 1089 576 ergo
1107 499 1182 558 iuco-

232 585 327 646 lumis
339 586 499 665 Brigantii
512 588 674 663 Pontifex,
690 593 724 651 et
737 591 814 652 satis
827 592 950 664 valeus,
967 596 1005 652 ut
1016 593 1116 652 hostis
1128 592 1181 652 iere

232 678 296 740 iam
317 681 472 757 desperet,
489 682 588 743 occidi
602 683 806 746 incommodis
822 703 922 763 posse.
938 685 1020 753 Quid
1042 689 1181 762 superest

234 771 297 832 nisi
317 775 353 833 ut
373 772 491 834 itinera
504 773 673 836 itineribus
693 779 882 851 accumulet,
897 797 934 840 ac
947 783 1070 843 metum
1089 777 1181 846 imis&

232 865 535 942 superveniendum
564 870 911 941 esse,ubi1utulents
937 871 1100 931 homiuum
1125 869 1182 928 ieex

232 958 469 1021 Incredulitatis
490 961 595 1022 erexit
615 964 846 1027 Simulacrum?
861 966 957 1034 Quasi
979 983 1060 1026 vero
1081 962 1182 1024 terreri

232 1052 369 1112 invictus
390 1054 512 1114 animus
531 1059 589 1116 aut
608 1057 731 1133 debeat,
746 1063 804 1120 aut
824 1061 936 1138 possit,
955 1060 1086 1121 etiamsi
1106 1058 1181 1124 sciet,

233 1145 413 1207 iterandum
434 1165 514 1220 esse,
536 1153 630 1226 utque
649 1154 726 1212 adeo
748 1156 923 1230 augendum
955 1153 1091 1214 abscissi
1109 1150 1181 1212 suu·

233 1238 353 1317 Gapitis
372 1241 561 1318 exemplum!
576 1245 661 1321 Ergo
675 1245 783 1306 abitur
800 1247 968 1324 Brigantio
989 1246 1181 1319 Gratianopo
1204 1275 1205 1320 p

232 1332 303 1407 lim,
319 1337 353 1393 et
372 1351 452 1411 quae
472 1340 620 1412 coeperat
640 1355 754 1415 magna
773 1357 839 1400 esse
853 1340 991 1417 optimae
1014 1339 1205 1417 religiosae-
1204 1387 1205 1390 ,

233 1427 423 1504 quatientis
444 1429 611 1490 commotio
632 1433 742 1492 statim
763 1449 799 1492 ac
812 1433 960 1493 Pontifex
982 1429 1182 1494 Gallorumi-

234 1537 289 1580 nes
297 1521 462 1598 ingressus
482 1527 543 1596 est,
558 1525 660 1585 maior
676 1525 794 1597 evadit,
808 1527 1103 1604 progrediendoque
1115 1524 1181 1584 viro

233 1614 383 1690 acquirit.
405 1617 470 1676 Nec
491 1616 586 1694 longa
606 1619 825 1697 Gratianopoli
855 1637 943 1681 mora
963 1620 1180 1696 permiserat:

232 1705 299 1766 iter
319 1707 409 1768 brevi
431 1709 611 1772 Valentiam
633 1713 827 1774 instituitur.

293 1800 353 1862 Hic
373 1802 451 1862 mihi
471 1804 541 1880 quis
561 1804 656 1882 digne
675 1807 846 1881 describat,
868 1825 946 1885 quae
966 1810 1054 1873 Deus
1074 1801 1183 1866 omoni-

233 1911 283 1954 mo
304 1895 410 1956 sibiet
430 1897 572 1958 omuibus
585 1899 680 1960 Sacro
701 1901 775 1962 Seni
788 1900 1020 1961 monstraverit
1034 1899 1126 1960 initia
1137 1895 1183 1956 tri-

235 1990 354 2066 umphi,
376 2008 467 2067 quem
489 1991 581 2069 paulo
609 1998 678 2071 post
699 1995 847 2055 Valentia
874 1996 998 2054 taudem
1023 1995 1058 2054 iu
1080 1992 1182 2053 caelum

233 2081 320 2143 ituro
341 2085 487 2161 parabat?
508 2086 640 2148 Videres
656 2092 895 2150 concursantem
914 2087 1056 2164 undique
1077 2089 1182 2164 gentem

234 2178 356 2254 petere,
378 2178 500 2251 scitari,
527 2199 688 2258 quaerere,
710 2185 810 2255 unde,
829 2183 951 2260 quando
972 2181 1180 2243 adduceretur:

235 2268 360 2330 videres
381 2269 554 2333 confertam
576 2275 754 2337 homiuibus
775 2275 913 2336 cuiusvis
934 2275 1071 2347 aetatis,
1094 2287 1181 2338 scrut

234 2363 401 2440 diguitatis
422 2365 518 2427 viam:
534 2367 670 2439 videres,
687 2368 739 2429 ubi
759 2370 832 2446 quid
853 2366 1043 2439 insonuerit,
1064 2365 1183 2442 trepida·
1205 2397 1206 2414 ι

234 2473 282 2528 re,
298 2459 434 2518 tremere
455 2477 573 2532 omnes,
589 2479 626 2520 ne
639 2462 723 2521 iorte
743 2461 978 2540 necopinantes
993 2463 1182 2537 praetergre

235 2549 353 2624 dictur,
368 2569 424 2611 neo
442 2553 562 2614 intueri
583 2553 689 2614 liceat:
706 2556 842 2628 videres,
856 2571 962 2615 omues
976 2554 1085 2612 omnia
1104 2549 1181 2610 malle

234 2661 326 2721 quam
347 2646 478 2708 Sacrum
508 2666 568 2707 non
590 2648 699 2708 videre
719 2649 843 2710 Senem.
863 2650 923 2710 Sed
945 2650 1023 2708 haec
1043 2665 1112 2710 esse
1129 2645 1182 2720 1³⁰1·

233 2743 327 2826 erant
340 2740 498 2819 ambigua,
513 2745 548 2802 et
568 2760 697 2819 eaquae
711 2760 769 2802 nou
786 2742 915 2820 religio,
931 2760 990 2802 uon
1006 2741 1120 2819 pietas,
1134 2754 1180 2798 uun

235 2833 320 2896 ullus
341 2834 438 2894 bouus
451 2833 585 2909 animum
601 2853 712 2895 verum
727 2837 794 2914 ipsa
810 2835 858 2896 rei
873 2834 1000 2896 novitus
1013 2837 1129 2895 nature
1139 2844 1181 2888 sur

234 2927 403 3005 proferret,
424 2927 599 3004 excitaret,
620 2928 810 2991 incenderet.
836 2929 938 2991 Maius
961 2929 1109 3006 quiddam
1128 2939 1179 2984 esst

234 3022 327 3082 debet
347 3040 384 3083 ac
411 3023 548 3083 subitum
569 3024 678 3100 suique
698 3027 793 3083 tenax
814 3027 847 3083 et
874 3025 1042 3093 constans,
1063 3021 1097 3081 id
1116 3015 1180 3096 quod

235 3115 300 3176 alte
322 3115 434 3177 infixos
447 3116 635 3194 populorum
656 3116 899 3193 morosumque
918 3115 1051 3192 probata
1063 3109 1180 3174 consiliu

235 3208 418 3286 patefaciat3
433 3209 574 3287 idemque
589 3211 692 3271 omnia
705 3213 886 3272 contemnat
896 3211 1035 3286 oportct',
1051 3208 1129 3268 uude
1141 3221 1181 3262 ca·

236 3301 363 3364 lumitas
390 3302 563 3365 immineat.
590 3307 677 3366 Inest
696 3305 779 3364 euim
801 3304 833 3364 in
854 3321 889 3364 eo
911 3303 1020 3364 diuina
1046 3301 1180 3379 quaedum

236 3391 287 3454 vis
307 3397 401 3471 atque
423 3394 568 3470 facultas,
584 3415 663 3474 quae
677 3397 817 3456 homiues
835 3413 901 3458 sese
915 3394 1049 3456 maiores
1068 3391 1179 3456 efficiat

235 3489 478 3566 contemptuque
498 3506 604 3552 rerum
625 3487 860 3550 rarissimarum
880 3491 914 3548 et
936 3486 1021 3550 vitae
1043 3503 1108 3548 sese
1126 3500 1180 3542 mu·
