2424 4196
283 363 412 427 Queat.
427 359 459 420 8.
474 361 558 422 Num
571 358 761 418 mulieribus
775 357 848 435 post
866 355 1068 435 puerperium
1082 357 1125 416 iss
1135 355 1169 414 sit

220 457 404 532 praesentes
424 471 457 513 sc
479 454 592 514 sistere
614 453 767 523 Parocho,
783 455 839 511 aut
852 451 1048 530 Presbytero
1068 451 1169 522 iurato,

221 552 259 608 ut
277 545 523 607 benedictionem
553 547 592 605 ab
613 545 680 621 ipso
701 544 877 620 accipiant,
900 544 1033 621 quaein
1062 541 1169 605 Ritucli
1208 593 1209 596 ,

219 641 361 700 Romano
376 639 572 716 praescripta
586 637 716 715 legitur:
729 638 795 696 Pro
807 637 1030 697 bencdictione
1039 634 1171 696 molieris
1208 661 1209 666 ¹

215 741 289 810 post
304 741 454 808 parium,-
466 731 603 807 itemque
620 731 733 791 missac
755 730 904 790 assistere
919 747 938 789 a
958 731 1113 805 Perocho‚
1127 732 1170 788 aut

219 828 415 904 Presbytero
436 827 543 888 iurato
566 826 756 885 celebratae.

282 921 375 996 Resp.
392 922 461 980 Non
477 920 575 979 licere
588 914 773 978 mulieribus
783 919 950 996 puerperio
961 919 1090 996 expleto
1100 935 1170 996 prae·

196 1021 198 1024 ’
220 1015 318 1076 iatam
340 1014 480 1090 accipere
501 1013 747 1073 benedictionem
769 1031 788 1073 a
809 1007 1032 1086 Parccho‚‘rel
1057 1013 1172 1088 Presby-

222 1114 292 1170 tero
321 1109 447 1180 iurato,
469 1107 613 1184 quoniam
647 1106 677 1164 id
707 1111 791 1165 esset
820 1123 890 1166 cum
915 1105 982 1183 ipso
1011 1107 1043 1165 in
1074 1106 1170 1167 divinis

219 1202 461 1262 communicare:
478 1220 513 1260 ec
536 1201 587 1260 rel
610 1199 710 1276 magis
732 1202 810 1276 quod
833 1200 921 1260 nullo
942 1201 1170 1278 adstringuntur

223 1301 387 1373 praecepto
417 1293 567 1352 mulieres
587 1293 729 1369 accipere
750 1299 821 1370 post
849 1297 974 1370 partum
996 1293 1171 1354 bencdictio-

222 1405 305 1459 nem,
329 1389 380 1446 sed
403 1390 564 1463 praestare
586 1386 616 1444 id
639 1385 742 1446 solent
770 1386 962 1446 solummodo
982 1405 1026 1448 eo.-
1045 1391 1126 1463 pia,
1145 1402 1171 1444 oo

221 1480 385 1540 laudabili
405 1479 659 1550 cousuetudine,
682 1481 719 1537 ut
740 1478 860 1555 legitur
873 1478 906 1537 in
928 1479 1053 1539 Rituali
1077 1484 1173 1542 Roma·

223 1590 281 1631 no:
306 1590 403 1648 neque
425 1571 587 1630 ferendum
610 1589 678 1630 esse
699 1571 847 1630 mulieres
868 1589 906 1632 ea
928 1571 1095 1632 occasione
1114 1570 1173 1632 assi·

221 1667 308 1725 stare
322 1665 433 1724 missae
454 1664 665 1725 celebrataoa
685 1666 840 1738 Peucolao,
857 1665 910 1724 vel
931 1666 1127 1744 Presbytero
1139 1666 1174 1723 iu·
1208 1701 1209 1706 κ

221 1760 307 1829 rato,
321 1759 359 1817 ob
381 1758 536 1818 rationem
557 1775 649 1834 saepe
671 1757 794 1834 saepius
815 1757 997 1818 iudicatam.

218 1853 224 1866 ‘
282 1852 411 1916 Quaeri.
428 1852 459 1912 9.
475 1853 557 1911 Num
580 1851 669 1911 licite
691 1852 799 1912 fideles
819 1851 851 1909 in
873 1852 1022 1924 articulo,
1039 1853 1094 1913 rel
1109 1848 1176 1930 peri·

221 1945 294 2006 culo
314 1945 428 2006 mortis
443 1946 565 2022 possint
578 1945 805 2006 absolutionem
829 1945 970 2023 recipere
985 1965 1003 2006 a
1018 1947 1174 2007 Sacerdote

221 2039 340 2111 iurato,
355 2043 388 2100 et
409 2057 428 2098 a
448 2040 589 2098 Perocho
610 2040 746 2099 intruso.
1204 2019 1209 2054 ¹'

283 2135 378 2210 Resp.
395 2135 465 2194 Non
480 2151 547 2192 csse
562 2133 796 2210 improbandam
819 2132 988 2205 rationem,
1003 2151 1099 2209 quam
1114 2132 1177 2192 inie-

224 2233 302 2291 runt
323 2225 466 2286 nonnulli
479 2226 635 2286 Gallicani
654 2227 826 2304 praesules,
841 2227 893 2303 qui
916 2226 947 2284 in
969 2227 1123 2300 articulo,
1138 2224 1177 2285 vel

220 2322 362 2402 periculo
384 2320 510 2394 mortis,
526 2321 740 2398 poeniteutiae
762 2321 997 2381 Sacramentum
1014 2363 1022 2392 ‚
1037 2323 1120 2397 quod
1140 2319 1177 2378 est

219 2420 358 2478 ucunda
379 2420 451 2493 post
472 2415 670 2491 naufragium
687 2414 808 2486 tabula,
824 2432 843 2473 a
857 2414 1083 2474 Sacerdotibus
1104 2415 1178 2473 iura-

222 2511 278 2585 tis,
301 2530 336 2571 ac
358 2510 453 2571 etiam
478 2508 666 2569 aParochis
687 2508 819 2568 intrusis
845 2507 942 2586 recipi
965 2527 1055 2585 posse
1078 2506 1178 2587 permi-

221 2609 346 2676 serunt,
362 2603 529 2662 deficiente
550 2601 661 2678 quovis
682 2601 746 2661 alio
766 2601 921 2661 catholico
943 2602 1126 2662 Sacerdote.

222 2731 223 2738 .
284 2700 412 2764 (luceat.
431 2696 479 2758 10.
495 2697 577 2757 Num
600 2694 724 2755 licitum
746 2695 790 2753 sit
810 2695 1037 2755 Sacerdotibus
1060 2716 1122 2756 non
1144 2695 1177 2753 ia·

219 2782 307 2854 'iunis
332 2790 474 2852 Hostiam
504 2804 718 2848 consummare
739 2806 759 2847 a
780 2789 1002 2848 Sacerdotibus
1023 2787 1177 2850 catholicis

222 2892 433 2958 consecratas,
450 2901 487 2943 ne
508 2883 540 2942 iu
563 2899 673 2942 manus
694 2881 865 2942 deveniant
885 2881 1095 2942 intrusorum.

283 2983 380 3056 Resp.
396 2979 510 3040 Licere
524 2976 748 3036 Sacerdotibus
770 2995 829 3036 uon
845 2975 958 3036 ieiunis
972 2977 1101 3037 Hostias
1117 2993 1180 3036 con·

221 3093 379 3137 summare
401 3091 420 3132 a
440 3070 606 3133 catholicis
626 3069 848 3128 Sacerdotibus
869 3075 1082 3142 consecratas,
1103 3089 1140 3129 ne
1154 3067 1178 3126 in

220 3187 333 3230 manus
346 3169 542 3228 intrusorem
558 3164 702 3236 veniant,
715 3163 839 3240 quoties
852 3165 934 3224 alius
945 3166 1096 3224 Sacerdos
1111 3166 1181 3224 ieiu-

221 3281 280 3321 nus
302 3279 363 3320 non
386 3259 497 3330 adsit,
522 3275 578 3315 uec
600 3256 665 3317 alia
686 3256 812 3316 ratione
834 3257 955 3316 consuli
977 3257 1077 3334 possit
1097 3273 1180 3317 rere·

221 3355 346 3414 tentiae
368 3353 477 3412 iisdem
500 3349 622 3410 Hostiis
642 3350 776 3409 debitae.

286 3449 414 3513 Quaeri.
433 3445 482 3504 ll.
498 3445 527 3504 N
531 3461 580 3502 um
602 3444 749 3503 fidelibus
763 3444 859 3506 liceat
880 3461 981 3523 genua
995 3443 1124 3504 flectcre
1138 3457 1182 3500 cc·

223 3555 291 3600 ram
312 3538 438 3599 Hostiis.
453 3536 645 3596 consecratis
666 3536 705 3595 ab
725 3535 870 3596 intrusis.
