2430 4202
418 223 455 239 -
477 193 538 255 277
560 225 597 242 ..

46 296 214 371 exhalabat
226 298 290 359 alia
303 301 447 361 tentatur
468 303 505 362 ad
528 299 729 362 cruciandum
746 302 780 360 et
794 299 994 386 occidendum

48 391 102 450 via.
117 391 339 454 Discedendum
365 397 404 455 ab
426 395 580 457 Hetruria
599 399 669 469 est;
692 399 806 473 atquo
828 395 995 455 incommo-

46 482 182 546 dinudat
201 487 279 561 iter,
293 488 466 550 Bononiam
481 505 593 550 versus
611 489 760 562 eundum,
776 488 870 550 simul
892 492 928 550 ut
941 505 997 550 ra·

46 578 142 651 ptatns
160 595 218 654 per
238 579 418 655 provincias
432 597 508 657 quas
529 581 637 658 paullo
657 583 731 644 ante
751 581 995 642 clementissimo

46 666 166 745 imperio
188 671 345 746 rexisset,
368 676 570 748 eerneretur,
593 693 629 735 ac
660 674 728 752 ipsa
755 674 839 751 rapti
868 674 994 752 imperii

46 763 124 838 quasi
145 783 227 826 nova
247 766 488 842 recordatione,
510 771 544 828 et
564 769 676 828 obtuto
698 785 939 842 aerumnarum,
961 768 993 827 in

46 871 112 930 quas
132 856 235 920 insani
263 859 439 920 dominatur
466 860 652 939 impotentia
673 860 867 938 provinciam
889 857 996 921 conie'·

47 946 139 1024 ciosot,
163 952 285 1013 animus
307 957 432 1015 tandem
454 955 590 1016 caderet.
607 957 758 1032 Aequam
778 956 908 1016 acerbus
923 953 998 1032 piis·

48 1039 115 1101 simo
128 1045 219 1104 Patri
241 1063 461 1107 aerumnarum
476 1065 542 1107 esse
563 1048 707 1109 debuerit
720 1049 860 1121 obtutus,
871 1047 996 1108 facilins

47 1137 89 1193 est
107 1135 298 1213 intelligere,
311 1156 402 1214 qoam
425 1138 565 1199 oratione
588 1141 720 1217 assequi.
733 1142 814 1202 Nam
835 1140 920 1218 rapti
935 1139 996 1200 im·

47 1227 117 1300 perii
137 1231 353 1291 recordatione
368 1249 426 1291 oon
448 1249 515 1292 esse
536 1235 736 1304 commotum,
751 1232 912 1309 praeclare
933 1233 997 1292 Bo-

49 1321 160 1382 noniam
175 1324 337 1400 ingrasnus
358 1326 517 1402 patefecit.
532 1326 748 1387 Accurrebant
762 1326 846 1385 enim
861 1324 995 1401 undique

48 1411 74 1469 in
93 1413 173 1475 viam
196 1423 257 1492 qua
278 1417 466 1478 trahebatur
486 1417 636 1494 permixti
651 1420 684 1476 et
705 1417 841 1477 conferti
861 1415 937 1491 viri,
953 1416 999 1477 ie·-

49 1505 150 1581 minae,
172 1509 400 1585 adolescentes,
421 1510 575 1588 virgines,
598 1511 701 1587 pueri,
723 1511 857 1588 puellae;
881 1513 914 1570 et
935 1529 997 1589 qua

49 1600 105 1659 sola
118 1605 241 1663 ratione
264 1603 319 1662 vix
340 1606 500 1680 poterant,
516 1607 607 1681 gestu
629 1607 662 1664 et
683 1604 746 1664 oris
768 1603 927 1665 moestitia
942 1606 997 1665 do·

49 1691 136 1753 iorem
157 1714 248 1755 suum
269 1697 511 1772 profitebantur.
530 1700 615 1774 lpse,
638 1697 718 1774 qood
740 1714 835 1756 unum
858 1700 994 1774 poterat,

49 1787 253 1852 benedictione
274 1791 435 1852 solabatur
455 1791 597 1862 miseros,
613 1796 647 1850 et
667 1808 770 1851 sacras
792 1791 874 1868 ipsas
889 1809 999 1852 manus

49 1882 205 1960 oculosque
220 1885 252 1943 in
274 1885 394 1944 caelum
416 1884 567 1944 attollens
589 1884 795 1961 significabat,
813 1901 873 1943 non
889 1884 998 1944 dolen·

51 1976 131 2051 dum,
154 1981 208 2038 sed
238 1978 350 2037 summi
377 1977 433 2038 Dei
455 1979 615 2038 voluntati
640 1978 894 2056 acquiescendum
917 1995 995 2038 esse.

50 2067 133 2130 Brevi
155 2070 328 2131 disceditur
348 2071 509 2144 Bononia,
532 2074 758 2148 properatoqne
786 2071 900 2131 itinere
921 2071 999 2130 Par·

51 2177 139 2235 mom,
161 2163 270 2241 paullo
292 2165 454 2240 posthinc
475 2164 572 2224 etiam
593 2181 659 2223 esse
681 2163 898 2223 discedendum
920 2180 999 2222 nnn·

49 2253 135 2315 ciant.

100 2352 177 2412 Erat
191 2351 251 2410 hoo
266 2352 404 2426 tempore
422 2349 596 2410 beatissimi
619 2347 709 2410 Senis
729 2367 767 2409 ea
787 2349 949 2422 valetudo,
962 2352 999 2411 ut

49 2457 225 2520 quamquam
240 2442 289 2502 sui
304 2460 424 2519 semper
446 2459 573 2504 securus
594 2445 627 2501 et
641 2441 729 2518 quasi
743 2441 905 2519 negligens
919 2441 1000 2501 fois·

51 2539 108 2607 set;
130 2540 234 2596 tamen
251 2540 326 2596 tunc
347 2536 443 2595 etiam
458 2535 577 2594 invitos
599 2535 810 2612 intelligeret,
827 2553 885 2594 non
901 2534 998 2594 licere

52 2625 105 2688 iam
126 2629 184 2690 sibi
206 2628 355 2689 assentiri
378 2628 598 2688 nunciantibus
620 2646 701 2688 nova
721 2628 850 2702 itinera,
873 2627 946 2704 quia
960 2626 1000 2688 iis

53 2721 128 2782 ultro
149 2721 353 2800 suscipiendis
373 2725 492 2782 certam
510 2721 577 2798 ipse
600 2721 657 2781 sibi
673 2725 808 2781 mortem
829 2721 998 2782 consciret.

51 2813 149 2891 ltaque
164 2834 197 2876 se
218 2815 432 2893 profecturum
449 2832 513 2874 esse
529 2818 633 2891 negat.
646 2814 760 2873 Hostes
774 2829 919 2888 responso
933 2827 1001 2873 ma-

52 2907 93 2982 gis
106 2908 289 2970 inflammati
304 2907 453 2981 clamant,
466 2908 591 2967 omnino
603 2923 669 2966 esse
685 2905 913 2965 discedendum.
927 2905 1000 2965 Fidi

51 3017 119 3074 quos
139 3021 242 3062 seeum
258 3004 355 3062 Pater
376 3000 497 3074 habuit,
514 3003 608 3078 atque
629 2999 661 3058 in
683 2998 732 3058 bis
754 3002 790 3058 ut
810 2998 940 3075 quisque
955 2998 1002 3058 di·

53 3094 165 3168 gnitate
187 3114 222 3156 ac
243 3096 436 3156 auctoritate
457 3095 649 3171 praestabat,
669 3091 750 3150 nihil
772 3109 832 3174 non
854 3087 1001 3152 omittere

53 3189 161 3260 quode
182 3188 341 3248 sententia
362 3187 506 3265 rapiendi
526 3187 660 3264 amplius
682 3183 843 3246 Pontificio
864 3184 1002 3256 discede·
1055 3201 1056 3204 ’

54 3282 284 3344 retur.1aeebat
303 3281 420 3341 lectulo
436 3282 643 3354 venerandus,
657 3280 727 3356 plus
741 3279 836 3339 etiam
851 3278 1002 3338 miseran·

54 3370 104 3431 dus
123 3375 236 3448 Senex,
259 3375 414 3434 morituro
436 3391 527 3450 qnam
548 3373 634 3433 ituro
657 3372 781 3433 similis.
798 3373 1001 3433 Advocantun

55 3466 176 3542 medici,
198 3468 386 3529 sententiam
415 3470 585 3544 rogantur,
607 3468 751 3528 statuant
771 3483 827 3544 pro
849 3484 905 3526 sua
925 3463 1003 3524 ueli-
