2430 4202
631 230 754 290 -322
777 262 815 274 -

238 339 401 404 -Reddita
428 337 495 398 illis
523 336 657 396 libertas
685 335 820 396 adeundi
849 354 1033 414 supremum
1052 337 1205 400 Ecclesiae

239 439 352 516 caput,
375 433 503 510 eiusque
524 447 674 508 responsa
695 429 886 506 postulandi.
904 431 984 491 Ibid.

299 528 418 591 Liddae
439 524 621 602 Episcopus.
639 523 719 584 Vide
746 520 854 584 Gobcl.

300 622 417 683 Lindet
437 618 737 697 pseudo-Episcopus
759 617 1011 680 Ebroicensis.1.
1029 619 1101 681 151.
1113 619 1204 680 -Eios

238 715 351 778 electio
367 714 456 775 nulla
471 717 505 773 et
518 713 712 774 consecratio
728 712 894 792 sacrilega.
910 715 936 774 Ι.
953 713 1093 780 hil-Ah
1108 714 1208 774 ordine

240 808 409 888 episcopali
430 825 609 884 suspensus.
625 805 704 866 Ibid.

301 903 500 965 Litterarum
521 899 775 978 Apostolicorum
797 900 999 961 authentiam
1026 904 1146 978 negant
1165 903 1209 962 ln·

227 996 338 1079 ·14441.
352 995 461 1056 1274.
478 994 616 1054 -Falsas
629 992 813 1070 confingunt
833 998 929 1069 atque
942 995 1054 1055 edunt.
1072 995 1141 1056 323.
1156 996 1210 1056 lla.

242 1111 313 1154 rum
335 1107 411 1168 quas
433 1089 521 1149 dedit
541 1088 618 1149 Pius
638 1090 683 1149 VI
703 1091 814 1149 contra
835 1089 1209 1150 14444144144444044-

243 1187 358 1245 ventus
381 1181 552 1243 nationalis
573 1182 806 1259 impudenter-a
819 1182 1001 1243 Directorio
1014 1183 1208 1260 Exeqnotivo

242 1277 357 1357 petita,
379 1294 399 1336 a
419 1275 574 1336 Pontifloe
595 1275 849 1336 constantissime
870 1277 1039 1354 denegata.
1056 1278 1176 1337 11234.

304 1369 453 1434 Lomenie
475 1367 538 1450 (de)
561 1371 740 1446 Stephanus
753 1368 930 1431 cardinalis
951 1369 1118 1446 arguitur,
1133 1370 1204 1446 quod

245 1465 381 1526 civicum
397 1463 625 1538 iuramentum,
641 1463 718 1524 licet
732 1463 875 1524 exterius
890 1467 1017 1524 tantum
1034 1463 1085 1522 uti
1098 1463 1205 1534 aicbat,

242 1555 456 1636 praestiterit.
467 1557 492 1618 I.
506 1556 729 1618 55.-Abdicat
749 1556 985 1618 cardinalitiam
1008 1555 1203 1633 dignitatem.

243 1651 314 1712 432.
329 1681 342 1694 -
354 1648 635 1710 Renunciationem
657 1649 803 1710 admittit
823 1649 900 1709 Pius
917 1651 970 1710 Vl.
983 1649 1134 1710 233-255.

303 1741 508 1803 Lucionensis
523 1740 692 1820 Episcopus
714 1744 875 1802 Summum
897 1741 1087 1802 Pontificem
1110 1744 1147 1802 de
1166 1760 1207 1801 re·

245 1833 302 1896 bos
321 1833 605 1894 matrimonialibus
620 1836 769 1910 consulit;
784 1835 961 1898 cardinalis
975 1837 1015 1896 de
1028 1836 1059 1896 Ζ
1061 1837 1159 1898 elada
1175 1836 1206 1896 ad

247 1947 318 1989 eum
341 1927 514 2007 responsio.
532 1929 571 1989 11.
591 1930 630 1990 12
644 1933 677 1990 et
691 1947 756 2007 seq.

306 2023 571 2096 LudovicusXVI
592 2021 856 2084 constitutionem
881 2021 1012 2082 civilem
1038 2023 1071 2082 vi
1093 2027 1206 2084 coactus

248 2119 361 2182 sancit.
379 2121 403 2179 I.
420 2119 477 2180 143
491 2124 525 2181 41
535 2137 600 2197 seq.
615 2117 767 2180 -Summi
783 2117 947 2179 Pontificio
959 2119 998 2179 ad
1014 2138 1088 2179 eum
1102 2121 1208 2198 episto

247 2213 308 2276 lae.
317 2215 341 2274 1.
352 2213 404 2284 21,
413 2213 465 2284 31,
477 2213 528 2286 37,
540 2213 609 2272 124.
619 2212 770 2289 -Optima
781 2212 848 2271 eius
860 2212 993 2272 indoles.
1002 2214 1044 2273 Il.
1055 2213 1135 2274 30.·
1144 2215 1207 2275 11144

247 2307 384 2366 firmitas
405 2305 501 2366 animi
523 2305 555 2364 in
577 2308 749 2367 recusanda
773 2305 930 2366 sanctione
952 2305 1077 2367 decreti
1100 2309 1139 2366 da
1161 2307 1208 2366 cii·

246 2399 365 2458 ciendis
376 2398 407 2457 io
420 2399 551 2458 exilium
566 2399 783 2460 sacerdotibus
793 2398 969 2460 catholicis.
985 2402 1027 2460 ΙΙ.
1044 2401 1098 2463 30.
1113 2401 1207 2462 -Eins

247 2489 411 2553 consilium
433 2491 623 2552 restituendi
638 2492 671 2551 in
686 2498 848 2570 posterum
868 2492 899 2552 in
927 2493 1045 2553 Galliis
1072 2491 1207 2556 catholici

247 2585 363 2646 441144.
385 2584 463 2646 ibid.
482 2592 515 2646 ot
536 2603 626 2663 seq.-
639 2585 798 2648 Diuturna
818 2587 885 2646 eins
907 2587 939 2646 in
963 2586 1067 2649 variis
1089 2583 1207 2650 carceri·

247 2679 306 2740 bus
326 2679 479 2741 custodia.
493 2680 533 2741 11.
552 2679 627 2740 19.·
639 2678 777 2756 04411411
792 2697 890 2756 poena
904 2681 1077 2742 damnatur
1091 2701 1111 2744 a
1125 2680 1207 2740 natio

248 2772 314 2834 nali
336 2776 493 2834 conventu
508 2771 574 2832 sine
589 2772 658 2833 iure
679 2778 713 2834 et
733 2773 991 2834 auctoritate.11.
1008 2774 1060 2849 16,
1077 2772 1206 2836 17.-111-

248 2866 317 2928 4441
337 2865 481 2944 legitimo
498 2883 626 2926 numero
640 2865 777 2927 iudicum
794 2865 983 2928 immolatus.
999 2868 1039 2927 Il.
1053 2869 1104 2930 18.
1115 2869 1206 2929 -Mors

248 2962 317 3022 eius
338 2959 528 3022 confessario
549 2960 652 3021 illata.
670 2963 709 3021 11.
729 2961 776 3022 19.
790 2963 907 3022 -Laus
928 2961 996 3020 4144
1019 2958 1204 3028 testamenti,

248 3058 282 3116 et
301 3053 370 3115 eius
394 3051 589 3132 poenitentia
617 3059 748 3130 propter
777 3053 929 3115 sancitam
953 3055 1205 3116 constitutionem

247 3147 387 3210 civilem.
402 3145 635 3208 11211-114414
656 3145 744 3206 illins
759 3165 829 3207 cum
845 3165 918 3206 nece
932 3146 1057 3207 Mariae
1072 3150 1205 3210 Stuartaa

249 3237 454 3317 comparatio.
468 3237 497 3299 11
501 3283 508 3298 .
524 3239 561 3298 21
578 3246 611 3298 et
625 3237 676 3300 30.
689 3270 705 3284 -
716 3241 928 3319 iuteremptus
948 3240 981 3298 in
1003 3241 1115 3300 odium
1135 3236 1203 3298 fidei.

250 3335 290 3394 11.
307 3335 359 3408 23,
374 3335 425 3395 33.
435 3363 454 3378 -
464 3329 576 3394 Dolosa
592 3335 696 3394 tamen
710 3339 873 3395 accusatos
894 3333 1065 3395 criminum
1081 3332 1206 3413 politico·

250 3429 386 3488 444411.
404 3426 627 3504 30.-1144144
647 3445 667 3488 a
688 3428 813 3488 Summo
827 3426 981 3488 Pontifloe
1003 3430 1202 3490 existimatus.

249 3517 347 3594 11:30,
360 3519 519 3581 34.-Sine
541 3526 646 3582 tamen
669 3521 734 3581 ullo
756 3520 845 3582 Sedis
866 3521 1068 3600 Apostolicae
1090 3517 1201 3581 iudicio.
