2430 4202
586 197 764 259 -310-

252 302 438 378 Oapnccinis
459 305 638 366 Conventus
658 305 899 384 Burdigalensis
920 324 940 366 a
959 307 1051 367 civili
1073 309 1158 384 pote-

194 399 276 460 state
305 399 445 475 expulsis
472 401 610 460 consulit
634 402 731 463 Sacra
750 401 963 479 Congregatio
985 403 1024 460 de
1044 402 1159 478 Propa-

194 491 296 569 ganda
315 492 394 552 Fide
416 494 598 569 opportunis
619 493 836 555 facultatibus.
853 495 878 554 1.
893 495 965 554 374.

252 584 472 646 Cardinalibus
492 585 565 662 qnid
591 588 746 663 agendum
771 604 828 664 pro
856 587 1013 647 electione
1040 605 1159 646 succes·

194 678 273 740 soris
293 678 345 738 Pii
367 680 421 740 VI.
443 679 522 739 Vide
545 677 964 741 conclave-Cardinalium
986 680 1108 740 Altieri
1128 683 1159 741 ct

191 772 301 834 Antici
317 773 628 836 renunciationes.ll.
637 776 787 850 174,176.
799 777 937 836 -Eorum
952 774 1158 852 protestatio-

193 885 249 928 nes
263 884 317 927 sen
333 868 585 928 retractationes.
596 869 669 942 250,
681 868 958 930 254.·Gardinalis
973 869 1013 929 de
1023 869 1160 929 Brienne
1209 871 1210 874 ’

192 960 349 1020 abdicatio
377 960 573 1021 admittitur.
587 963 613 1020 Ι.
629 962 700 1022 238.
717 994 734 1006 -
749 962 928 1022 Oardinalis
949 963 988 1021 dc
1010 963 1158 1022 Lomenie

194 1053 343 1130 arguitur
353 1071 372 1114 a
382 1053 440 1112 Pio
448 1054 502 1114 Vl.
512 1055 536 1114 Ι.
544 1053 860 1115 55.·0ardinalitiam
872 1055 1066 1131 dignitatem
1079 1055 1160 1115 abdi·
1210 1109 1211 1118 ,

193 1149 255 1206 cat.
272 1147 344 1208 432.
356 1177 369 1191 ·
380 1145 661 1207 Renunciationem
683 1146 828 1208 admittit
848 1148 924 1207 Pius
937 1149 994 1207 VI.
1008 1147 1156 1222 233,255.

251 1238 561 1316 Carpentoractcusis
581 1240 724 1316 Episcopi
739 1240 820 1300 laus.
837 1242 862 1300 Ι.
878 1240 1158 1318 305.-0arpentu·
1211 1210 1212 1296 i

192 1333 346 1394 reclausis
373 1332 487 1393 civitas
514 1333 586 1394 iura
613 1334 747 1393 hominis
774 1351 793 1394 a
817 1335 983 1396 Oonventu
1005 1336 1160 1397 Natione-

194 1427 220 1487 li
239 1426 402 1505 proposita
425 1426 590 1499 admittit,
616 1430 651 1486 at
671 1445 702 1488 se
723 1427 869 1488 subducit
893 1428 1010 1488 ditioni
1031 1429 1160 1489 Pontifi-

194 1521 272 1580 ciae.
289 1522 315 1580 Ι.
332 1520 391 1580 182
404 1523 437 1579 ct
452 1537 516 1596 seq.
1212 1504 1213 1576 l

253 1615 349 1690 Casus
377 1614 467 1674 Sedis
493 1615 693 1691 Apostolicae
721 1616 954 1692 quomodolibet
985 1616 1155 1676 reservati.

199 1705 277 1766 Vide
296 1707 497 1768 Facultatum
520 1709 559 1770 19
579 1709 689 1768 Martii
713 1711 801 1772 1792.
819 1712 844 1771 Ι.
861 1711 931 1770 286.

253 1804 463 1864 Oensurarum
478 1804 691 1879 quarumlibet
704 1805 743 1864 ab
754 1805 904 1883 Episcopo
920 1804 1096 1864 relaxatio.
1111 1804 1159 1862 Vi·
1213 1796 1214 1800 ’

193 1897 232 1955 dc
252 1897 450 1956 Facultatum
474 1897 512 1957 19
532 1895 642 1956 Martii
664 1898 753 1958 1792.
770 1900 795 1956 Ι.
812 1898 884 1958 286.

253 1989 518 2058 claromontanus
543 1990 715 2067 Episcopus
736 1988 960 2068 (Franciscus)
982 1990 1100 2050 scribit
1121 1989 1155 2048 ad

194 2084 357 2144 Summum
378 2084 577 2157 Pontificem,
600 2084 669 2144 ideo
692 2085 849 2144 laudatus.
867 2086 891 2144 Ι.
908 2085 979 2144 267.

251 2177 500 2240 Communicatio
521 2178 709 2255 praesertim
731 2178 764 2238 in
787 2178 904 2238 divinis
925 2196 996 2238 cum
1019 2177 1151 2239 Intrnsis

193 2274 228 2330 et
247 2271 476 2346 narrentanis,
498 2290 687 2349 quocumque
714 2272 837 2331 nomine
861 2272 1085 2349 appellentur,
1107 2287 1159 2330 ve·

191 2364 264 2424 tita.
281 2366 389 2425 1181.

254 2457 409 2519 (lonclare
436 2476 492 2536 pro
521 2459 665 2538 eligendo
692 2476 869 2520 successore
895 2458 947 2519 Pii
973 2460 1019 2520 Vl
1048 2458 1102 2518 nbi
1125 2459 1157 2516 et

193 2552 316 2630 quando
327 2567 367 2609 ex
377 2550 515 2612 eiusdem
526 2554 652 2613 decreto
664 2552 848 2614 babendum.
862 2554 903 2612 ll.
919 2553 989 2624 144,
1005 2548 1152 2624 156,195.

254 2646 483 2707 concordatum
508 2647 593 2706 inter
619 2649 753 2706 Leonem
774 2648 805 2706 X
825 2648 859 2706 et
879 2643 1086 2705 Franciscum
1106 2644 1120 2702 1
1139 2657 1159 2699 a

194 2740 336 2820 generali
350 2740 488 2802 Concilio
501 2740 707 2802 Lateraneusi
722 2741 751 2810 Y
765 2739 983 2817 approbatum.
1000 2740 1026 2798 l.
1043 2737 1098 2798 85.

253 2834 456 2897 Confirmatio
480 2837 513 2894 et
537 2833 729 2896 consecratio
754 2834 900 2911 Episcopi
921 2833 959 2893 ad
982 2831 1083 2892 solam
1103 2831 1158 2890 Se-

192 2933 262 2990 dam
284 2927 495 3006 Apostolicam
518 2945 599 2988 nunc
620 2929 754 3005 spectat,
771 2927 907 2987 exclusis
928 2926 1026 2986 ctiam
1041 2927 1155 2986 Metro·

193 3022 469 3102 politanis.1.117,
483 3021 638 3081 153.-lus
652 3020 972 3097 Matrcpolitanornm
990 3018 1155 3096 antiquum

192 3136 212 3178 a
231 3117 321 3178 Sedis
342 3115 543 3194 apostolicae
565 3114 634 3174 iure
650 3113 808 3174 manabat.
825 3109 904 3173 Ibid.
920 3117 1034 3188 etseq.

252 3209 444 3274 Constitutio
470 3208 574 3269 civilis
595 3208 675 3268 cleri
697 3226 715 3268 a
736 3208 900 3268 Conventn
928 3205 1088 3266 nationali
1108 3207 1157 3265 de·

192 3308 324 3368 cretal.
333 3302 605 3366 385.-Instructio
619 3302 757 3361 eiusdem
772 3301 953 3363 Conventus
968 3298 1056 3359 circa
1070 3317 1158 3378 prae·

192 3398 309 3458 dictam
323 3395 599 3461 constitutionem.
614 3393 685 3456 420.
700 3427 714 3437 -
727 3394 828 3455 Huius
849 3411 975 3453 errores
994 3391 1154 3471 praecipui

192 3510 213 3552 a
233 3490 292 3551 Pio
313 3493 357 3554 VI
381 3488 551 3567 improbati
575 3506 611 3548 ac
636 3487 779 3548 refutati.
796 3489 821 3547 Ι.
838 3487 887 3549 62·
901 3489 976 3548 ·De
1001 3487 1153 3548 laicorum
