2424 4196
298 304 379 364 Vult
393 304 524 380 denique
545 303 707 364 Sanctitas
728 305 793 364 Sua
805 304 971 381 imagines,
987 307 1021 363 et
1033 303 1132 364 icones
1144 305 1187 363 ho·

239 400 425 460 nedioendas
437 403 674 473 repraesentare
695 399 838 470 Sanctus,
850 397 903 456 vel
916 397 980 458 iam
991 397 1185 468 canonizatos,

240 494 293 554 vel
313 493 346 552 in
367 491 601 568 Martyrologio
621 494 761 552 Romano
782 492 968 568 descriptos.

300 588 358 648 His
378 604 436 663 pro
462 584 591 644 clariori
619 585 837 661 intelligentia
863 584 1078 661 praenotatis,
1100 585 1187 644 indul-

241 681 421 760 gentiarum
444 677 559 749 series,
580 678 749 755 quosquis
769 679 917 754 consequi
939 681 1063 762 potest,
1086 696 1185 736 necnon

239 776 364 853 piorum
395 790 524 849 operum
556 771 787 847 implendorum
817 771 965 830 elenchus
997 775 1183 840 recensetur,

240 872 337 947 prout
357 866 441 926 infra
460 866 568 925 videre
589 865 676 924 licet.

300 959 489 1034 Quicumque
510 959 606 1018 semel
626 959 659 1016 in
680 958 821 1034 singulas
835 958 1045 1018 hebdomadas
1058 973 1182 1017 coronam

240 1052 378 1124 Domini,
390 1054 447 1110 aut
456 1051 661 1110 Beatissimae
669 1051 827 1127 ·Virgiuis,
836 1051 888 1110 vel
903 1050 1086 1123 Rosarium,
1098 1049 1182 1108 eiusne

241 1144 372 1205 tertiam
394 1147 535 1221 partem,
557 1149 615 1204 aut
634 1144 767 1204 officium
789 1144 855 1203 sive
877 1144 1019 1202 divinum
1043 1143 1110 1202 sive
1131 1157 1183 1217 pur·

240 1257 315 1298 rum
337 1239 472 1297 eiusdem
494 1238 699 1299 Beatissimae
718 1237 874 1314 Virginis,
896 1237 948 1296 vel
970 1237 1180 1302 defunctorum,

242 1338 298 1395 aut
319 1338 437 1410 septem
459 1333 593 1409 psalmos
613 1333 874 1404 Poenitcntiales,
892 1333 942 1391 vel
963 1332 1134 1392 Graduales
1148 1347 1182 1387 re

241 1429 374 1500 citabit;
395 1431 452 1487 aut
472 1429 652 1487 rudimenta
673 1427 744 1486 fidei
767 1428 906 1499 tradere,
929 1429 984 1485 aut
1007 1427 1144 1485 demotos
1159 1421 1181 1479 in
1204 1451 1205 1470 i

242 1540 386 1594 carcere,
407 1521 461 1579 vel
481 1520 616 1580 alicuius
636 1523 746 1579 domus
773 1519 938 1595 hospitalis
960 1525 1109 1596 aegrotos
1127 1517 1183 1576 visi·

242 1619 332 1690 tare,
355 1618 412 1674 aut
438 1614 625 1690 pauperibus
646 1613 831 1684 subvenire,
854 1617 911 1673 aut
931 1613 1062 1672 Missam
1084 1610 1180 1678 audire,

241 1709 295 1768 vel
316 1709 343 1768 si
365 1708 507 1767 sacerdos
528 1710 589 1778 est,
611 1706 770 1765 celebrare
791 1706 965 1778 consuevit,
990 1707 1017 1766 si
1040 1725 1115 1766 vere
1133 1721 1181 1780 poc
1203 1683 1205 1730 l

241 1802 357 1875 nitens,
380 1807 413 1862 et
434 1801 588 1861 sacerdoti
610 1818 665 1876 per
679 1799 880 1861 Ordinarium
894 1801 1068 1876 approbato
1089 1798 1180 1858 centes

241 1914 306 1968 sus,
321 1895 558 1954 Sanctissimum
579 1895 799 1953 Eucharistiae
814 1895 1054 1954 Sacramentum
1069 1909 1181 1968 sumpse

242 1990 288 2049 rit
301 1990 333 2048 iu
354 1989 495 2066 quolibet
509 2005 548 2047 ex
570 1986 677 2046 dicbus
692 1987 917 2064 infrascriptis,
935 1987 1085 2046 nimirum
1097 1986 1180 2046 diebus

240 2083 331 2143 festis
351 2080 541 2144 Natiuitatis
561 2080 684 2140 Domini
704 2080 814 2141 Nostri
829 2082 897 2140 Iesu
919 2080 1055 2152 Christi,
1072 2080 1180 2156 Epipha·

242 2177 326 2248 niae,
339 2176 549 2249 ascensionis,
560 2176 774 2246 Pentecostes,
784 2174 1009 2233 Sanctissimae
1021 2171 1179 2234 Trinitatis.

241 2270 387 2344 Corporis
402 2269 534 2340 Christi,
550 2272 616 2328 tum
632 2269 740 2327 diebus
754 2267 1009 2340 Purificationis,
1024 2264 1180 2328 Aunuucio·

242 2363 350 2434 tionis,
365 2361 594 2438 Assumptiouis
609 2365 642 2421 et
661 2361 853 2423 Natiuitatis
862 2363 978 2422 Beatse
999 2361 1119 2420 Mariae
1130 2357 1180 2416 Vir·

243 2454 337 2531 ginis,
354 2472 471 2513 necnon
494 2455 601 2513 diebus
620 2454 812 2515 Natiuitatis
833 2455 865 2513 S.
883 2454 1007 2514 Ioannis
1028 2453 1178 2531 Baptistae,

242 2547 428 2606 Sanctorum
441 2548 665 2624 Apostolorum
678 2549 767 2607 Petri
779 2552 812 2608 et
824 2548 928 2620 Pauli,
947 2549 1102 2619 Andreae,
1116 2547 1179 2604 laco

242 2640 287 2712 hi,
303 2641 439 2713 Ioannis,
455 2643 603 2714 Thomae,
621 2642 763 2719 Philippi
778 2647 811 2700 et
824 2642 936 2714 Iacobi,
952 2635 1176 2702 Bartholomaei,

241 2734 409 2806 Matthaei,
432 2735 567 2794 Simonis
588 2738 621 2792 et
642 2735 748 2804 Iudae,
771 2734 921 2806 Mathiae,
948 2734 1059 2793 Sancti
1080 2724 1177 2804 Iosephi

242 2828 353 2904 Sponsi
374 2831 410 2888 B.
424 2829 542 2888 Mariae
555 2828 710 2905 Virginis,
725 2831 819 2904 atque
833 2829 979 2888 Omnium
1002 2830 1175 2886 Sanctorum

242 2923 370 2999 piasque
391 2922 428 2982 ad
451 2925 548 2981 Deum
569 2939 675 2997 preces
701 2922 819 2981 fuderit
841 2940 896 2999 pro
920 2923 1083 2980 haeresum
1107 2923 1175 2990 anu

242 3020 444 3078 schismatum
465 3018 690 3093 extit-petione,
704 3018 793 3077 Fidei
807 3018 986 3078 Catholicae
1003 3013 1176 3096 propagatio

242 3131 292 3183 ne,
314 3130 400 3187 pace,
423 3114 456 3170 ct
476 3111 721 3170 christianorum
742 3111 918 3188 principum
932 3112 1104 3182 concordia,
1117 3109 1177 3167 cete·

242 3205 346 3294 risque
368 3206 526 3264 Romanae
536 3204 693 3263 Ecclesiae
709 3204 960 3278 necessitatibus,
973 3204 1005 3263 in
1021 3215 1176 3279 unoquoque

242 3297 456 3371 praefatorum
487 3296 607 3357 dierum
638 3298 811 3375 plenariam
838 3298 1066 3382 indulgentiam
1090 3307 1200 3355 consc³

243 3393 367 3464 quatur.

302 3482 360 3548 Qui
382 3486 487 3543 eadem
508 3482 539 3541 in
562 3483 634 3543 aliis
654 3483 745 3543 festis
765 3484 909 3558 Domini,
931 3487 989 3544 aut
1008 3486 1043 3543 Β.
1057 3473 1175 3556 Virginis
