2488 4204
25 352 26 390 ,
70 335 187 376 causam
208 317 378 378 sacerdotii
405 317 569 378 defendere
592 335 624 378 se
646 315 837 394 gloriantur.
861 316 925 378 Nos
947 315 1030 374 enim

24 444 26 476 l
67 415 207 488 prompto
228 429 265 472 ac
286 410 431 489 legitimo
452 429 651 471 occurremus
673 410 810 483 auxilio,
828 411 907 487 quod
928 408 1029 468 locum

23 491 26 542 ἕ
65 505 207 578 habebit,
224 507 321 565 donec
344 523 399 565 vos
420 506 576 566 dioeceses
598 510 722 567 vestras
743 522 854 583 regere
870 507 963 580 atque
976 503 1030 562 ad·

22 671 24 688 ³
62 599 248 660 ministrare
270 600 408 677 possitis.
426 600 557 661 Interim
578 599 662 659 faxit
682 602 781 672 Deus,
803 603 839 659 ut
851 599 982 669 Nostra,
997 599 1031 656 et

59 693 241 753 communia
262 697 339 755 vota
360 695 595 771 compleantur,
619 697 655 754 ut
676 694 767 754 vobis
788 692 889 770 primo
910 707 1029 768 quoque

59 789 204 861 tempore
226 787 323 846 liceat
344 788 381 845 ad
404 789 528 846 vestras
550 787 645 844 Sedes
667 785 808 856 reverti,
824 786 857 845 et
871 782 1029 843 Pastorali

58 883 242 944 ministerio
263 885 362 945 libere
383 885 490 962 fungi,
507 889 602 962 utque
625 884 748 962 inclyto
770 881 946 943 Galliarum
968 883 1030 942 Re-

58 993 116 1052 gno
139 997 204 1055 pax
228 983 263 1038 et
283 978 410 1056 Religio
433 981 599 1053 reddatur,
615 978 716 1038 veluti
736 977 870 1037 assiduis
886 975 1029 1054 precibus

56 1071 287 1146 imploramuS,
311 1076 345 1131 ct
365 1072 507 1131 futurum
531 1072 732 1139 confidimus,
756 1072 829 1130 dum
852 1070 959 1142 Vobis,
976 1071 1028 1130 Di·

56 1163 131 1222 lecti
156 1165 219 1224 lilii
240 1167 368 1238 Nostri,
392 1184 464 1224 ven.
486 1165 635 1238 Fratres,
651 1183 686 1224 ac
700 1165 808 1225 dilecti
823 1163 882 1222 filii
903 1162 1028 1236 Nostri,

55 1259 275 1332 Apostolicam
296 1259 550 1319 Benedictionem
576 1262 775 1336 peramanter
793 1257 1005 1334 impertimur.

119 1361 240 1418 Datum
262 1356 379 1415 Romae
397 1357 478 1430 apud
493 1356 641 1414 Sanctam
655 1355 787 1414 Mariam
802 1352 951 1412 Maiorem
972 1351 1028 1410 sub

55 1456 173 1517 annulo
195 1453 387 1524 Piscatoris,
413 1453 462 1511 die
483 1454 590 1513 XXXI
611 1453 685 1512 Iulii
705 1452 923 1522 MDCGXOllI,
946 1450 1029 1508 Pon·

54 1547 335 1610 tilectus-Nostri
357 1565 437 1606 anno
458 1547 545 1606 XIX.

495 1715 585 1772 vn.

377 1835 570 1879 s'uuunnarnr
590 1835 711 1878 raanan

342 1971 533 2032 VICTORIO
555 1971 747 2030 PHILIPPO

311 2129 557 2206 Arekiepiscopo
584 2129 778 2190 Caloritcno

266 2291 436 2372 PIUS
499 2293 693 2370 ΡΑΡΑ
747 2293 815 2369 Vl.

167 2479 259 2536 ven.
282 2479 420 2551 Frater,
442 2482 593 2540 Salutem
615 2485 651 2539 et
671 2482 908 2551 Apostolioam

392 2580 689 2638 Benedictionem.

111 2749 147 2808 In
163 2746 363 2823 perlegendis
378 2747 610 2808 iucundissimis
624 2750 745 2810 litteris
761 2750 836 2823 tuis,
852 2751 1023 2810 Venerabi-

52 2841 93 2900 lis
112 2842 244 2910 Frater,
260 2832 383 2900 ad'Nos
399 2841 448 2900 die
465 2843 500 2902 ll
517 2843 638 2918 Aprilis
660 2845 759 2916 datis,
781 2844 927 2903 lacrimas
949 2862 1023 2920 prae

51 2932 167 3005 gaudio
190 2934 300 2990 tenere
324 2951 383 2992 non
406 2935 583 3011 potuimus,
606 2925 674 2996 cum
703 2940 775 2997 ate
803 2942 947 2997 accurate
969 2939 1024 2996 de-

49 3023 173 3100 scripta
188 3025 379 3098 videremus,
394 3046 476 3104 quae
488 3029 555 3105 ipsa
570 3031 693 3106 publica
707 3031 790 3092 fama
805 3033 842 3092 ad
857 3034 922 3092 Nos
936 3031 1024 3107 prius

50 3117 158 3177 delata
180 3119 292 3196 ubique
315 3119 378 3178 iam
407 3138 463 3196 per
485 3122 665 3182 universam
687 3127 841 3202 Europam
870 3127 906 3184 ad
931 3126 1023 3186 Sardi

49 3211 187 3270 nominis
209 3212 343 3289 gloriam
365 3215 617 3276 celebrabantur.
634 3219 722 3278 Nihil
744 3220 776 3277 in
792 3219 831 3294 iis
852 3219 950 3280 Nobis
972 3238 1022 3281 ao·

48 3304 176 3380 ceptius
190 3309 223 3364 et
234 3309 482 3368 commendatius
496 3310 570 3382 fuit,
583 3329 674 3387 quam
696 3330 714 3371 a
736 3321 781 3386 te,
797 3315 928 3388 aGlero,
941 3333 960 3376 a
972 3335 1024 3394 po·

50 3398 128 3474 pulo
149 3402 225 3466 tuo,
242 3415 283 3458 'ac
313 3401 352 3459 ab
381 3401 502 3480 inclyto
531 3404 696 3465 universae
722 3406 885 3468 Sardiniae
914 3412 1022 3486 Regno

50 3507 189 3550 summas
211 3491 468 3571 immortalesque
490 3496 598 3556 haberi
620 3517 656 3558 ac
677 3498 792 3560 referri
813 3502 1021 3579 omnipotenti
