2426 4192
626 247 805 306 -174-

661 414 761 470 mv.

422 533 672 578 vausunemmus
697 535 878 579 uaeramus
899 534 1030 580 noerius

486 678 518 736 s
537 680 576 738 n.
592 679 629 738 s.
646 679 949 739 onnumnumus

381 867 384 874 ·
455 837 627 917 PIUS
679 837 874 917 PAPA
918 837 985 914 VI.

341 1029 428 1084 ven.
449 1028 607 1097 Fratres,
623 1041 663 1084 ao
684 1025 815 1084 Dileoti
835 1025 935 1097 u'flii,
950 1026 1102 1084 Salutem

413 1127 448 1181 et
467 1123 704 1193 Apostolieam
732 1123 1040 1202 Benediotionem.·

301 1284 378 1344 (lum
397 1282 530 1342 dilectus
546 1283 629 1343 fllius
645 1283 780 1343 Thomas
799 1283 919 1354 Antioi,
935 1281 1061 1358 pridem
1074 1283 1105 1342 S.
1113 1283 1143 1340 R.
1151 1281 1174 1338 li.

242 1375 417 1439 Cardinalis
437 1375 527 1435 tituli
549 1377 581 1435 S.
599 1376 718 1436 Mariae
740 1379 829 1436 trans
845 1374 997 1446 Tiberim,
1016 1373 1177 1434 litterisda-

242 1471 283 1530 tis
305 1469 514 1530 tiernensis
535 1469 643 1529 martii
665 1469 738 1529 anni
760 1469 853 1527 huius
869 1469 959 1539 1798,
972 1465 1177 1546 significaverit

240 1568 337 1629 Nobis
352 1585 396 1640 se,
419 1567 456 1627 ob
477 1566 632 1627 assiduam
654 1566 790 1642 eorporis
811 1565 1075 1638 invaletudinem,
1099 1578 1176 1641 paren

242 1661 378 1738 amplius
406 1679 466 1718 non
489 1677 556 1719 esse
583 1658 778 1718 sustinendis
802 1659 949 1718 oneribus
971 1659 1176 1724 Gurdinalatns,

242 1773 301 1831 qno
325 1771 377 1812 nos
399 1771 468 1812 eum
490 1753 710 1830 insignivimus
731 1752 781 1811 die
801 1751 842 1812 30
863 1751 978 1810 mensis
999 1751 1124 1823 martii,
1141 1767 1176 1808 an·
1203 1755 1204 1810 ζ

242 1867 281 1907 no
298 1848 387 1920 1789,
404 1847 443 1905 ob
462 1865 589 1923 eamque
611 1862 735 1905 oausam
750 1846 893 1906 abdicare
908 1863 940 1904 se
956 1865 972 1904 e
988 1863 1116 1904 munere
1128 1846 1177 1904 Gur·

242 1939 401 2001 dinalatus
423 1938 518 2009 velle,
542 1942 575 1997 et
595 1955 611 1995 e
633 1937 836 1999 cardinalatu
865 1955 940 2006 vere
961 1955 997 1996 ao
1021 1935 1177 1998 solemniter

242 2051 307 2092 sese
329 2031 488 2092 abdicare:
511 2049 642 2107 rumque
655 2033 720 2092 Nos
741 2030 803 2107 ipsi
818 2030 1016 2106 exploratum
1040 2032 1176 2091 habeamus

242 2145 317 2186 rere
331 2144 401 2185 eum
423 2143 554 2202 corpore
575 2126 656 2184 male
677 2125 788 2185 affecto
810 2142 876 2184 esse
891 2143 927 2185 ao
941 2124 1062 2184 morbis
1084 2121 1177 2201 perion-

241 2219 406 2297 losissimis
420 2219 565 2289 obnoxi03
575 2217 727 2294 siquidem
739 2220 916 2277 morborum
929 2219 1092 2294 gravitate
1105 2217 1177 2292 ipsun

242 2330 301 2370 non
324 2311 417 2370 semel
438 2311 470 2369 in
492 2314 668 2370 extremum
683 2312 770 2371 vitae
792 2311 955 2370 discrimen
971 2311 1178 2370 adduotumno
1203 2369 1204 2374 η

243 2405 363 2464 vimus:
387 2421 456 2463 oum
470 2408 634 2481 praeterea
655 2405 799 2464 dubitare
814 2403 944 2463 minime
964 2403 1117 2480 possimus
1127 2397 1177 2477 quin
1203 2419 1204 2424 ¹

242 2497 369 2558 litteras
397 2515 473 2574 quas
498 2497 602 2570 idem,
626 2499 783 2575 adscripto
806 2517 860 2558 suo
889 2497 1036 2570 nomine,
1060 2490 1177 2557 misitad

241 2594 318 2665 Nos,
339 2609 413 2651 vere
428 2591 492 2669 ipse
514 2593 649 2663 miserit,
666 2596 752 2652 etex
772 2592 869 2653 animi
890 2592 939 2652 sui
954 2590 1113 2651 sententia
1125 2584 1178 2648 sori·

242 2689 312 2762 ptas
333 2684 475 2744 miserit:
492 2689 710 2763 praeterquam
733 2684 817 2743 enim
831 2685 1046 2744 oharaoterem
1070 2683 1178 2742 eiusne

243 2779 367 2852 seimus,
383 2779 465 2838 idem
481 2779 615 2838 Thomas
637 2777 743 2838 Antioi
758 2777 798 2836 iis
812 2777 909 2838 etiam
930 2777 983 2853 qui
999 2779 1076 2836 tuno
1088 2778 1176 2836 Romu
1203 2767 1204 2772 ’

243 2873 392 2934 Consules
413 2872 578 2932 constituti
607 2874 699 2931 erant
720 2870 838 2931 alteras
859 2871 988 2930 litteras
1007 2869 1097 2929 dedit
1115 2861 1177 2927 dial

242 2966 364 3040 martii,
381 2966 412 3024 in
428 2965 539 3042 quibus
554 2968 664 3042 aperte
679 2963 836 3040 professus
851 2967 912 3036 est,
928 2961 1112 3022 solemniter
1124 2959 1176 3046 liat·

243 3059 384 3118 dinalatu
407 3059 438 3119 in
461 3059 602 3118 manibus
623 3057 750 3120 Nostris
779 3056 919 3133 deposito
941 3073 998 3132 per
1019 3045 1176 3116 litterani
1203 3115 1204 3120 ,

242 3153 307 3212 Nos
323 3153 423 3223 datas,
439 3169 474 3210 eo
496 3170 528 3210 se
550 3153 666 3210 honore
687 3150 863 3222 abdicasse3
880 3150 910 3208 in
933 3149 1060 3226 eiusque
1082 3144 1178 3207 abdiu·

243 3244 338 3304 tionis
359 3245 470 3316 fldem,
492 3243 668 3320 exemplum
698 3241 849 3319 epistolae
871 3259 961 3319 quam
984 3244 1021 3302 ad
1043 3242 1107 3301 Nos
1126 3230 1178 3296 sori·
1203 3267 1204 3270 =

243 3341 361 3411 pserat,
377 3338 415 3399 ad
431 3338 552 3396 eosdem
567 3336 716 3398 Consules
738 3335 845 3395 misit:
862 3353 932 3394 oum
954 3333 1095 3410 denique,
1111 3327 1176 3388 sexto
1203 3379 1204 3382 ,

242 3428 303 3487 iam
326 3435 396 3505 post
416 3447 539 3502 mense,
562 3429 665 3488 nullas
686 3427 765 3489 alias
786 3429 824 3488 ab
845 3446 881 3488 eo
903 3427 1030 3488 litteras
1050 3415 1178 3498 a'ooeperi·
1203 3419 1204 3422 ’

242 3537 329 3594 mus,
352 3522 462 3598 quibus
483 3521 566 3584 idem
587 3540 606 3583 a
627 3521 784 3598 proposito
806 3520 982 3592 recessisse,
1005 3523 1096 3594 atque
1115 3507 1179 3571 abdi·
