2426 4192
597 226 639 238 -·
656 194 717 252 22⁴),
736 224 774 239 -·

207 301 290 374 rint,
314 301 440 377 perinde
462 301 522 372 sit,
546 317 582 359 ao
604 299 630 358 si
652 299 793 357 omnibus
815 298 1026 375 personaliter
1046 297 1157 357 luerint

207 393 385 464 intimatae,
401 397 437 452 ut
458 392 562 453 nullus
583 392 679 468 possit
701 391 912 468 ignorantiam
933 391 1084 468 allegare.

269 489 381 547 Datum
398 487 429 546 in
447 485 573 545 Palatio
586 487 691 544 nostro
705 483 873 560 episcopali
888 484 1038 544 Civitatis
1049 485 1157 545 Castel-

88 581 89 584 ’
210 580 300 640 lanae
322 580 539 640 Muccxulx.

369 673 527 733 Laurent.
544 674 661 732 Hortae
683 689 717 731 ac
738 671 888 734 civitatis
909 671 1103 732 castellanae

690 763 870 841 Episcopus.

423 860 590 919 Antonias
610 856 783 918 Salvatelli
803 857 940 920 Cancell.
964 857 1156 934 Episcopelis.

215 1167 220 1177 ,
623 1115 757 1170 uvi.

344 1227 577 1297 EPISTOLA
600 1229 736 1298 CARD.
764 1229 1043 1300 ANTONELLI

591 1392 634 1443 Ex
654 1390 788 1443 Oonclavl

405 1582 446 1623 ΑΙ)
466 1551 605 1624 ΒΕἺῐΠΙΜ
626 1581 664 1624 ΔΟ
685 1548 810 1624 ILLfiUM
831 1581 978 1624 DOMINUM

496 1717 889 1778 BRANOADORO

232 1864 516 1940 Arcaiapiacopnm
536 1863 725 1922 Nisibenam
745 1871 776 1922 et
797 1863 1040 1939 Propapandae
1060 1865 1146 1924 Fidei

582 1956 809 2018 secretarium.

290 2109 530 2168 mustrissime
552 2125 593 2168 ao
617 2110 913 2167 Reverendisslme
933 2111 1093 2170 Domine.
1137 2163 1140 2178 ,

271 2268 414 2344 Episcopi
436 2267 572 2344 insignes
594 2272 626 2327 ct
648 2268 730 2326 omni
752 2265 972 2326 aestimatione
994 2267 1164 2342 dignuin

212 2362 288 2422 mini
310 2360 485 2421 Cardinalis
506 2349 736 2420 Mechliniensis
765 2364 799 2419 et
818 2361 960 2420 Praelati
981 2362 1119 2437 iprensis
1137 2363 1163 2418 et

211 2454 508 2523 Ruraemundensis‚
524 2456 648 2520 decreto
663 2454 800 2528 ipsorum
812 2453 861 2512 die
875 2455 914 2513 24
926 2455 1106 2515 Decembris
1120 2471 1163 2512 an·

211 2547 245 2605 ni
266 2545 387 2623 elapsi,
412 2547 656 2606 manifestarunt
677 2565 782 2606 eorum
812 2565 902 2607 sensa
928 2547 1016 2607 circa
1043 2550 1162 2624 primam

213 2641 379 2699 formulam
401 2640 570 2700 iuramenti
585 2640 710 2699 noviter
731 2640 921 2717 propositam
936 2658 955 2700 a
975 2641 1099 2701 Galliae
1111 2656 1163 2698 mo-

213 2734 413 2793 deratoribus
434 2752 511 2810 quae
533 2738 604 2793 erat
625 2751 772 2810 sequens:
794 2731 830 2807 je
845 2732 923 2808 jure
954 2735 1080 2812 fidelite
1099 2739 1119 2794 a
1137 2737 1163 2793 la

214 2828 414 2906 Republiqne
435 2827 611 2900 Francoise
632 2845 695 2887 nne
716 2835 746 2888 et
768 2827 965 2899 indiaisz'ble,
982 2830 1098 2905 fondee
1117 2844 1162 2886 sar

216 2922 249 2979 la
269 2924 493 2981 souverainete
513 2923 558 2980 da
574 2913 698 2996 peaple,
717 2923 745 2980 le
758 2921 878 2995 repime
899 2923 1131 2998 representatis
1138 2926 1163 2978 et

216 3013 243 3072 le
263 3017 427 3074 maintien
448 3016 487 3074 de
509 3017 542 3074 la
564 3016 693 3085 liberte,
722 3010 879 3090 l'epalite,
905 3016 939 3073 la
959 3018 1066 3074 aurete
1090 3015 1162 3074 eta

208 3110 384 3184 propalate.
406 3110 448 3168 Et
469 3107 501 3166 in
525 3107 703 3184 obsequium
725 3105 926 3167 auctoritatis
947 3108 1030 3166 aedis
1050 3111 1162 3184 aposto-

215 3198 294 3259 lieae
316 3200 484 3278 protestati
506 3201 600 3260 suntz'
616 3207 818 3277 praesentem
844 3200 1096 3260 declarationem
1113 3213 1163 3257 no·

215 3302 316 3354 stram
331 3311 477 3370 supremo
492 3295 635 3372 elipenai
653 3295 802 3369 pronime
817 3291 883 3374 (ati
896 3289 1075 3371 speramns)
1088 3293 1162 3352 Pon·

216 3387 315 3464 aiflois
335 3387 477 3447 Romani
499 3387 620 3447 indicio
642 3389 679 3445 in
699 3387 847 3444 omnibns
868 3387 1066 3446 anbiioimns.

274 3478 410 3539 Videtur
430 3481 506 3538 haec
527 3477 662 3558 formula
682 3477 848 3572 luodiedum
865 3479 999 3555 amplius
1026 3497 1082 3538 non
1101 3491 1158 3536 esse
