<?xml version="1.0" encoding="UTF-8"?>
<!DOCTYPE html PUBLIC "-//W3C//DTD XHTML 1.0 Transitional//EN"
    "http://www.w3.org/TR/xhtml1/DTD/xhtml1-transitional.dtd">
<html xmlns="http://www.w3.org/1999/xhtml" xml:lang="en" lang="en">
 <head>
  <title>
</title>
<meta http-equiv="Content-Type" content="text/html;charset=utf-8" />
  <meta name='ocr-system' content='tesseract 3.04.00' />
  <meta name='ocr-capabilities' content='ocr_page ocr_carea ocr_par ocr_line ocrx_word'/>
</head>
<body>
  <div class='ocr_page' id='page_1' title='image "./piivipontmaxact01piusgoog_0153.png"; bbox 0 0 2506 4200; ppageno 0'>
   <div class='ocr_carea' id='block_1_1' title="bbox 45 221 1005 497">
    <p class='ocr_par' dir='ltr' id='par_1_1' title="bbox 45 221 1005 497">
     <span class='ocr_line' id='line_1_1' title="bbox 433 221 731 284; baseline 0.003 -2"><span class='ocrx_word' id='word_1_1' title='bbox 433 255 471 268; x_wconf 90' lang='lat'>-</span> <span class='ocrx_word' id='word_1_2' title='bbox 495 221 553 284; x_wconf 79' lang='lat'><strong>145</strong></span> <span class='ocrx_word' id='word_1_3' title='bbox 574 256 612 270; x_wconf 96' lang='lat'>-</span> <span class='ocrx_word' id='word_1_4' title='bbox 729 221 731 226; x_wconf 84' lang='grc'><strong>’</strong></span> 
     </span>
     <span class='ocr_line' id='line_1_2' title="bbox 45 325 1003 402; baseline 0.018 -18"><span class='ocrx_word' id='word_1_5' title='bbox 45 325 126 386; x_wconf 86' lang='lat' dir='ltr'><strong>sales</strong></span> <span class='ocrx_word' id='word_1_6' title='bbox 138 325 295 402; x_wconf 77' lang='lat' dir='ltr'><strong>praedicti</strong></span> <span class='ocrx_word' id='word_1_7' title='bbox 309 327 348 388; x_wconf 92' lang='lat' dir='ltr'><strong>ab</strong></span> <span class='ocrx_word' id='word_1_8' title='bbox 364 328 441 388; x_wconf 87' lang='lat' dir='ltr'><strong>urbe</strong></span> <span class='ocrx_word' id='word_1_9' title='bbox 456 328 600 391; x_wconf 77' lang='lat' dir='ltr'><strong>absentes</strong></span> <span class='ocrx_word' id='word_1_10' title='bbox 623 349 682 392; x_wconf 90' lang='lat' dir='ltr'><strong>non</strong></span> <span class='ocrx_word' id='word_1_11' title='bbox 704 334 901 398; x_wconf 69' lang='lat' dir='ltr'><strong>advenerint.</strong></span> <span class='ocrx_word' id='word_1_12' title='bbox 916 341 1003 400; x_wconf 88' lang='lat' dir='ltr'><strong>Hauc</strong></span> 
     </span>
     <span class='ocr_line' id='line_1_3' title="bbox 45 419 1005 497; baseline 0.017 -19"><span class='ocrx_word' id='word_1_13' title='bbox 45 419 144 496; x_wconf 86' lang='lat' dir='ltr'><strong>itaque</strong></span> <span class='ocrx_word' id='word_1_14' title='bbox 165 420 401 497; x_wconf 87' lang='lat' dir='ltr'><strong>derogationem</strong></span> <span class='ocrx_word' id='word_1_15' title='bbox 417 439 454 481; x_wconf 88' lang='lat' dir='ltr'><strong>ac</strong></span> <span class='ocrx_word' id='word_1_16' title='bbox 474 421 717 487; x_wconf 78' lang='lat' dir='ltr'><strong>declarationem</strong></span> <span class='ocrx_word' id='word_1_17' title='bbox 739 430 929 492; x_wconf 85' lang='lat' dir='ltr'><strong>auctoritate</strong></span> <span class='ocrx_word' id='word_1_18' title='bbox 941 435 1005 496; x_wconf 83' lang='lat' dir='ltr'><strong>No·</strong></span> 
     </span>
    </p>
   </div>
   <div class='ocr_carea' id='block_1_2' title="bbox 47 513 1005 589">
    <p class='ocr_par' dir='ltr' id='par_1_2' title="bbox 47 513 1005 589">
     <span class='ocr_line' id='line_1_4' title="bbox 47 513 1005 589; baseline 0.016 -18"><span class='ocrx_word' id='word_1_19' title='bbox 47 517 108 572; x_wconf 85' lang='lat' dir='ltr'><strong>stra</strong></span> <span class='ocrx_word' id='word_1_20' title='bbox 120 513 298 589; x_wconf 88' lang='lat' dir='ltr'><strong>apostolica</strong></span> <span class='ocrx_word' id='word_1_21' title='bbox 311 513 482 587; x_wconf 83' lang='lat' dir='ltr'><strong>firmatam,</strong></span> <span class='ocrx_word' id='word_1_22' title='bbox 498 520 684 580; x_wconf 83' lang='lat' dir='ltr'><strong>servandam</strong></span> <span class='ocrx_word' id='word_1_23' title='bbox 706 520 847 582; x_wconf 91' lang='lat' dir='ltr'><strong>iubemus</strong></span> <span class='ocrx_word' id='word_1_24' title='bbox 868 543 904 584; x_wconf 90' lang='lat' dir='ltr'><strong>ac</strong></span> <span class='ocrx_word' id='word_1_25' title='bbox 918 545 1005 588; x_wconf 88' lang='lat' dir='ltr'><strong>man-</strong></span> 
     </span>
    </p>
   </div>
   <div class='ocr_carea' id='block_1_3' title="bbox 45 606 1005 776">
    <p class='ocr_par' dir='ltr' id='par_1_3' title="bbox 45 606 1005 776">
     <span class='ocr_line' id='line_1_5' title="bbox 47 606 1005 695; baseline 0.015 -30"><span class='ocrx_word' id='word_1_26' title='bbox 47 609 158 678; x_wconf 88' lang='lat' dir='ltr'><strong>damus,</strong></span> <span class='ocrx_word' id='word_1_27' title='bbox 168 606 324 684; x_wconf 86' lang='lat' dir='ltr'><strong>praefatis</strong></span> <span class='ocrx_word' id='word_1_28' title='bbox 337 607 613 670; x_wconf 77' lang='lat' dir='ltr'><strong>constitutionibus</strong></span> <span class='ocrx_word' id='word_1_29' title='bbox 628 615 660 672; x_wconf 86' lang='lat' dir='ltr'><strong>et</strong></span> <span class='ocrx_word' id='word_1_30' title='bbox 674 614 918 695; x_wconf 88' lang='lat' dir='ltr'><strong>quibuscumque</strong></span> <span class='ocrx_word' id='word_1_31' title='bbox 932 621 1005 681; x_wconf 86' lang='lat' dir='ltr'><strong>aliis</strong></span> 
     </span>
     <span class='ocr_line' id='line_1_6' title="bbox 45 699 595 776; baseline 0.013 -19"><span class='ocrx_word' id='word_1_32' title='bbox 45 699 75 757; x_wconf 89' lang='lat' dir='ltr'><strong>in</strong></span> <span class='ocrx_word' id='word_1_33' title='bbox 92 700 291 776; x_wconf 87' lang='lat' dir='ltr'><strong>contrarium</strong></span> <span class='ocrx_word' id='word_1_34' title='bbox 312 701 595 764; x_wconf 90' lang='lat' dir='ltr'><strong>nonobstantibus.</strong></span> 
     </span>
    </p>
   </div>
   <div class='ocr_carea' id='block_1_4' title="bbox 43 795 1006 962">
    <p class='ocr_par' dir='ltr' id='par_1_4' title="bbox 43 795 1006 962">
     <span class='ocr_line' id='line_1_7' title="bbox 98 795 1006 872; baseline 0.018 -20"><span class='ocrx_word' id='word_1_35' title='bbox 98 795 213 852; x_wconf 87' lang='lat' dir='ltr'><strong>Datum</strong></span> <span class='ocrx_word' id='word_1_36' title='bbox 234 796 366 866; x_wconf 88' lang='lat' dir='ltr'><strong>Romae,</strong></span> <span class='ocrx_word' id='word_1_37' title='bbox 389 797 468 872; x_wconf 92' lang='lat' dir='ltr'><strong>apud</strong></span> <span class='ocrx_word' id='word_1_38' title='bbox 491 797 525 856; x_wconf 89' lang='lat' dir='ltr'><strong>S.</strong></span> <span class='ocrx_word' id='word_1_39' title='bbox 540 798 691 872; x_wconf 87' lang='lat' dir='ltr'><strong>Petrum,</strong></span> <span class='ocrx_word' id='word_1_40' title='bbox 714 798 803 861; x_wconf 85' lang='lat' dir='ltr'><strong>die...</strong></span> <span class='ocrx_word' id='word_1_41' title='bbox 824 805 939 866; x_wconf 86' lang='lat' dir='ltr'><strong>mensis</strong></span> <span class='ocrx_word' id='word_1_42' title='bbox 961 807 1006 868; x_wconf 86' lang='lat' dir='ltr'><strong>ie-</strong></span> 
     </span>
     <span class='ocr_line' id='line_1_8' title="bbox 43 886 533 962; baseline 0.008 -17"><span class='ocrx_word' id='word_1_43' title='bbox 43 886 179 962; x_wconf 89' lang='lat' dir='ltr'><strong>bruarii,</strong></span> <span class='ocrx_word' id='word_1_44' title='bbox 203 887 280 946; x_wconf 90' lang='lat' dir='ltr'><strong>anni</strong></span> <span class='ocrx_word' id='word_1_45' title='bbox 300 889 533 949; x_wconf 85' lang='lat' dir='ltr'>MDOGXOVII.</span> 
     </span>
    </p>
   </div>
   <div class='ocr_carea' id='block_1_5' title="bbox 340 1056 703 1226">
    <p class='ocr_par' dir='ltr' id='par_1_5' title="bbox 340 1056 703 1226">
     <span class='ocr_line' id='line_1_9' title="bbox 454 1056 582 1114; baseline 0.031 -4"><span class='ocrx_word' id='word_1_46' title='bbox 454 1087 456 1099; x_wconf 87' lang='lat'>·</span> <span class='ocrx_word' id='word_1_47' title='bbox 467 1056 582 1114; x_wconf 79' lang='lat' dir='ltr'><strong>m.</strong></span> 
     </span>
     <span class='ocr_line' id='line_1_10' title="bbox 340 1155 703 1226; baseline 0.003 0"><span class='ocrx_word' id='word_1_48' title='bbox 340 1155 703 1226; x_wconf 76' lang='lat' dir='ltr'><strong>INDULGENTIAE</strong></span> 
     </span>
    </p>
   </div>
   <div class='ocr_carea' id='block_1_6' title="bbox 42 1301 1007 1854">
    <p class='ocr_par' dir='ltr' id='par_1_6' title="bbox 42 1301 1007 1854">
     <span class='ocr_line' id='line_1_11' title="bbox 42 1301 1006 1383; baseline 0.013 -21"><span class='ocrx_word' id='word_1_49' title='bbox 42 1303 126 1368; x_wconf 70' lang='lat' dir='ltr'><strong>Quas</strong></span> <span class='ocrx_word' id='word_1_50' title='bbox 145 1301 298 1363; x_wconf 79' lang='lat' dir='ltr'><strong>Summas</strong></span> <span class='ocrx_word' id='word_1_51' title='bbox 317 1303 490 1380; x_wconf 73' lang='lat' dir='ltr'><strong>Pontisesc,</strong></span> <span class='ocrx_word' id='word_1_52' title='bbox 508 1306 559 1364; x_wconf 86' lang='lat' dir='ltr'><strong>ael</strong></span> <span class='ocrx_word' id='word_1_53' title='bbox 581 1306 620 1364; x_wconf 83' lang='lat' dir='ltr'><strong>ab</strong></span> <span class='ocrx_word' id='word_1_54' title='bbox 642 1321 675 1364; x_wconf 88' lang='lat' dir='ltr'><strong>eo</strong></span> <span class='ocrx_word' id='word_1_55' title='bbox 690 1303 864 1383; x_wconf 83' lang='lat' dir='ltr'><strong>Deleqatas</strong></span> <span class='ocrx_word' id='word_1_56' title='bbox 877 1313 1006 1374; x_wconf 79' lang='lat' dir='ltr'><strong>benedi-</strong></span> 
     </span>
     <span class='ocr_line' id='line_1_12' title="bbox 98 1393 1006 1482; baseline 0.008 -25"><span class='ocrx_word' id='word_1_57' title='bbox 98 1397 198 1458; x_wconf 83' lang='lat' dir='ltr'><strong>cendo</strong></span> <span class='ocrx_word' id='word_1_58' title='bbox 221 1393 371 1466; x_wconf 84' lang='lat' dir='ltr'><strong>Coronas,</strong></span> <span class='ocrx_word' id='word_1_59' title='bbox 395 1396 546 1468; x_wconf 73' lang='lat' dir='ltr'><strong>dioscoria,</strong></span> <span class='ocrx_word' id='word_1_60' title='bbox 564 1394 689 1470; x_wconf 82' lang='lat' dir='ltr'><strong>Cruces,</strong></span> <span class='ocrx_word' id='word_1_61' title='bbox 713 1393 906 1479; x_wconf 78' lang='lat' dir='ltr'><strong>Graeifiaos,</strong></span> <span class='ocrx_word' id='word_1_62' title='bbox 926 1424 1006 1482; x_wconf 81' lang='lat' dir='ltr'><strong>par-</strong></span> 
     </span>
     <span class='ocr_line' id='line_1_13' title="bbox 97 1487 1007 1571; baseline 0.01 -22"><span class='ocrx_word' id='word_1_63' title='bbox 97 1508 157 1549; x_wconf 86' lang='lat' dir='ltr'><strong>cas</strong></span> <span class='ocrx_word' id='word_1_64' title='bbox 178 1487 324 1560; x_wconf 80' lang='lat' dir='ltr'><strong>Statuas,</strong></span> <span class='ocrx_word' id='word_1_65' title='bbox 339 1488 556 1562; x_wconf 83' lang='lat' dir='ltr'><strong>Namismata,</strong></span> <span class='ocrx_word' id='word_1_66' title='bbox 582 1491 739 1568; x_wconf 86' lang='lat' dir='ltr'><strong>Medaglie</strong></span> <span class='ocrx_word' id='word_1_67' title='bbox 761 1497 858 1571; x_wconf 76' lang='lat' dir='ltr'><strong>calpa</strong></span> <span class='ocrx_word' id='word_1_68' title='bbox 879 1515 1007 1558; x_wconf 79' lang='lat' dir='ltr'><strong>nanca-</strong></span> 
     </span>
     <span class='ocr_line' id='line_1_14' title="bbox 94 1578 1006 1664; baseline 0.011 -22"><span class='ocrx_word' id='word_1_69' title='bbox 94 1592 191 1662; x_wconf 83' lang='lat' dir='ltr'><strong>pata,</strong></span> <span class='ocrx_word' id='word_1_70' title='bbox 215 1583 405 1658; x_wconf 78' lang='lat' dir='ltr'><strong>impertitur</strong></span> <span class='ocrx_word' id='word_1_71' title='bbox 426 1578 550 1642; x_wconf 76' lang='lat' dir='ltr'><strong>Christi</strong></span> <span class='ocrx_word' id='word_1_72' title='bbox 569 1584 730 1661; x_wconf 74' lang='lat' dir='ltr'><strong>fidelibus,</strong></span> <span class='ocrx_word' id='word_1_73' title='bbox 747 1589 807 1664; x_wconf 82' lang='lat' dir='ltr'><strong>qai</strong></span> <span class='ocrx_word' id='word_1_74' title='bbox 827 1605 931 1648; x_wconf 85' lang='lat' dir='ltr'><strong>secam</strong></span> <span class='ocrx_word' id='word_1_75' title='bbox 945 1591 1006 1653; x_wconf 76' lang='lat' dir='ltr'><strong>ba-</strong></span> 
     </span>
     <span class='ocr_line' id='line_1_15' title="bbox 100 1675 1005 1760; baseline 0.007 -23"><span class='ocrx_word' id='word_1_76' title='bbox 100 1679 218 1748; x_wconf 81' lang='lat' dir='ltr'><strong>bentes,</strong></span> <span class='ocrx_word' id='word_1_77' title='bbox 241 1677 293 1735; x_wconf 87' lang='lat' dir='ltr'><strong>vel</strong></span> <span class='ocrx_word' id='word_1_78' title='bbox 314 1675 403 1752; x_wconf 84' lang='lat' dir='ltr'><strong>apud</strong></span> <span class='ocrx_word' id='word_1_79' title='bbox 430 1691 461 1734; x_wconf 87' lang='lat' dir='ltr'><strong>se</strong></span> <span class='ocrx_word' id='word_1_80' title='bbox 488 1679 667 1736; x_wconf 83' lang='lat' dir='ltr'><strong>retinentes</strong></span> <span class='ocrx_word' id='word_1_81' title='bbox 688 1681 823 1757; x_wconf 78' lang='lat' dir='ltr'><strong>aliquod</strong></span> <span class='ocrx_word' id='word_1_82' title='bbox 845 1698 886 1741; x_wconf 79' lang='lat' dir='ltr'><strong>ese</strong></span> <span class='ocrx_word' id='word_1_83' title='bbox 902 1701 1005 1760; x_wconf 83' lang='lat' dir='ltr'><strong>prae-</strong></span> 
     </span>
     <span class='ocr_line' id='line_1_16' title="bbox 99 1769 837 1854; baseline 0.001 -24"><span class='ocrx_word' id='word_1_84' title='bbox 99 1771 194 1849; x_wconf 73' lang='lat' dir='ltr'><strong>fatis,</strong></span> <span class='ocrx_word' id='word_1_85' title='bbox 211 1769 431 1846; x_wconf 73' lang='lat' dir='ltr'><strong>infrascripta</strong></span> <span class='ocrx_word' id='word_1_86' title='bbox 447 1770 509 1845; x_wconf 82' lang='lat' dir='ltr'><strong>pia</strong></span> <span class='ocrx_word' id='word_1_87' title='bbox 528 1785 626 1844; x_wconf 85' lang='lat' dir='ltr'><strong>opera</strong></span> <span class='ocrx_word' id='word_1_88' title='bbox 647 1771 837 1854; x_wconf 81' lang='lat' dir='ltr'><strong>implebant.</strong></span> 
     </span>
    </p>
   </div>
   <div class='ocr_carea' id='block_1_7' title="bbox 41 1910 1039 3564">
    <p class='ocr_par' dir='ltr' id='par_1_7' title="bbox 41 1910 1006 2362">
     <span class='ocr_line' id='line_1_17' title="bbox 100 1910 1006 1989; baseline 0.001 -13"><span class='ocrx_word' id='word_1_89' title='bbox 100 1912 273 1988; x_wconf 86' lang='lat' dir='ltr'><strong>Utriusque</strong></span> <span class='ocrx_word' id='word_1_90' title='bbox 287 1929 381 1970; x_wconf 80' lang='lat' dir='ltr'><strong>sexus</strong></span> <span class='ocrx_word' id='word_1_91' title='bbox 394 1910 514 1972; x_wconf 80' lang='lat' dir='ltr'><strong>Christi</strong></span> <span class='ocrx_word' id='word_1_92' title='bbox 529 1910 637 1970; x_wconf 83' lang='lat' dir='ltr'><strong>fideles</strong></span> <span class='ocrx_word' id='word_1_93' title='bbox 651 1911 808 1989; x_wconf 88' lang='lat' dir='ltr'><strong>imprimis</strong></span> <span class='ocrx_word' id='word_1_94' title='bbox 828 1916 1006 1978; x_wconf 90' lang='lat' dir='ltr'><strong>admonitos</strong></span> 
     </span>
     <span class='ocr_line' id='line_1_18' title="bbox 42 2004 1006 2087; baseline 0.001 -19"><span class='ocrx_word' id='word_1_95' title='bbox 42 2008 112 2068; x_wconf 82' lang='lat' dir='ltr'><strong>vult</strong></span> <span class='ocrx_word' id='word_1_96' title='bbox 134 2005 297 2066; x_wconf 77' lang='lat' dir='ltr'><strong>Sanctitas</strong></span> <span class='ocrx_word' id='word_1_97' title='bbox 311 2004 440 2076; x_wconf 74' lang='lat' dir='ltr'><strong>Sua‚&#39;ut</strong></span> <span class='ocrx_word' id='word_1_98' title='bbox 461 2005 530 2081; x_wconf 87' lang='lat' dir='ltr'><strong>quis</strong></span> <span class='ocrx_word' id='word_1_99' title='bbox 551 2004 696 2081; x_wconf 88' lang='lat' dir='ltr'><strong>consequi</strong></span> <span class='ocrx_word' id='word_1_100' title='bbox 718 2006 827 2067; x_wconf 82' lang='lat' dir='ltr'><strong>ualeat</strong></span> <span class='ocrx_word' id='word_1_101' title='bbox 840 2007 1006 2087; x_wconf 88' lang='lat' dir='ltr'><strong>indulgen·</strong></span> 
     </span>
     <span class='ocr_line' id='line_1_19' title="bbox 42 2097 1004 2177; baseline 0.004 -17"><span class='ocrx_word' id='word_1_102' title='bbox 42 2101 115 2174; x_wconf 82' lang='lat' dir='ltr'><strong>iias,</strong></span> <span class='ocrx_word' id='word_1_103' title='bbox 131 2097 254 2177; x_wconf 90' lang='lat' dir='ltr'><strong>quasin</strong></span> <span class='ocrx_word' id='word_1_104' title='bbox 270 2098 412 2174; x_wconf 81' lang='lat' dir='ltr'><strong>praefata</strong></span> <span class='ocrx_word' id='word_1_105' title='bbox 426 2097 641 2158; x_wconf 88' lang='lat' dir='ltr'><strong>benedictione</strong></span> <span class='ocrx_word' id='word_1_106' title='bbox 657 2100 813 2174; x_wconf 89' lang='lat' dir='ltr'><strong>concedit,</strong></span> <span class='ocrx_word' id='word_1_107' title='bbox 829 2104 1004 2164; x_wconf 88' lang='lat' dir='ltr'><strong>necessario</strong></span> 
     </span>
     <span class='ocr_line' id='line_1_20' title="bbox 41 2190 1004 2271; baseline 0.003 -18"><span class='ocrx_word' id='word_1_108' title='bbox 41 2192 161 2271; x_wconf 88' lang='lat' dir='ltr'><strong>requiri</strong></span> <span class='ocrx_word' id='word_1_109' title='bbox 190 2191 314 2267; x_wconf 89' lang='lat' dir='ltr'><strong>aliquod</strong></span> <span class='ocrx_word' id='word_1_110' title='bbox 345 2209 385 2250; x_wconf 87' lang='lat' dir='ltr'><strong>ex</strong></span> <span class='ocrx_word' id='word_1_111' title='bbox 416 2190 592 2250; x_wconf 85' lang='lat' dir='ltr'><strong>enunciatis</strong></span> <span class='ocrx_word' id='word_1_112' title='bbox 621 2192 883 2270; x_wconf 87' lang='lat' dir='ltr'><strong>numismatibus,</strong></span> <span class='ocrx_word' id='word_1_113' title='bbox 915 2213 1004 2256; x_wconf 90' lang='lat' dir='ltr'><strong>coro·</strong></span> 
     </span>
     <span class='ocr_line' id='line_1_21' title="bbox 42 2285 863 2362; baseline 0.004 -17"><span class='ocrx_word' id='word_1_114' title='bbox 42 2287 89 2348; x_wconf 87' lang='lat' dir='ltr'><strong>ais</strong></span> <span class='ocrx_word' id='word_1_115' title='bbox 110 2291 189 2359; x_wconf 74' lang='lat' dir='ltr'><strong>etc,</strong></span> <span class='ocrx_word' id='word_1_116' title='bbox 205 2302 309 2344; x_wconf 88' lang='lat' dir='ltr'><strong>secum</strong></span> <span class='ocrx_word' id='word_1_117' title='bbox 330 2285 455 2356; x_wconf 87' lang='lat' dir='ltr'><strong>habere,</strong></span> <span class='ocrx_word' id='word_1_118' title='bbox 478 2288 534 2344; x_wconf 88' lang='lat' dir='ltr'><strong>ant</strong></span> <span class='ocrx_word' id='word_1_119' title='bbox 554 2287 633 2362; x_wconf 90' lang='lat' dir='ltr'><strong>apud</strong></span> <span class='ocrx_word' id='word_1_120' title='bbox 657 2304 689 2345; x_wconf 87' lang='lat' dir='ltr'><strong>se</strong></span> <span class='ocrx_word' id='word_1_121' title='bbox 711 2287 863 2348; x_wconf 88' lang='lat' dir='ltr'><strong>retinere.</strong></span> 
     </span>
    </p>

    <p class='ocr_par' dir='ltr' id='par_1_8' title="bbox 41 2377 1039 3020">
     <span class='ocr_line' id='line_1_22' title="bbox 100 2377 1004 2459; baseline 0 -17"><span class='ocrx_word' id='word_1_122' title='bbox 100 2384 182 2442; x_wconf 86' lang='lat' dir='ltr'><strong>Item</strong></span> <span class='ocrx_word' id='word_1_123' title='bbox 197 2377 369 2451; x_wconf 86' lang='lat' dir='ltr'><strong>orationes,</strong></span> <span class='ocrx_word' id='word_1_124' title='bbox 385 2380 575 2455; x_wconf 76' lang='lat' dir='ltr'><strong>devotasque</strong></span> <span class='ocrx_word' id='word_1_125' title='bbox 589 2397 698 2456; x_wconf 84' lang='lat' dir='ltr'><strong>preces</strong></span> <span class='ocrx_word' id='word_1_126' title='bbox 712 2379 942 2459; x_wconf 79' lang='lat' dir='ltr'><strong>infrascriptae,</strong></span> <span class='ocrx_word' id='word_1_127' title='bbox 955 2381 1004 2442; x_wconf 90' lang='lat' dir='ltr'><strong>uti</strong></span> 
     </span>
     <span class='ocr_line' id='line_1_23' title="bbox 41 2472 1006 2553; baseline 0.001 -19"><span class='ocrx_word' id='word_1_128' title='bbox 41 2473 236 2534; x_wconf 90' lang='lat' dir='ltr'><strong>conditiones</strong></span> <span class='ocrx_word' id='word_1_129' title='bbox 257 2489 313 2549; x_wconf 91' lang='lat' dir='ltr'><strong>pro</strong></span> <span class='ocrx_word' id='word_1_130' title='bbox 334 2472 601 2550; x_wconf 85' lang='lat' dir='ltr'><strong>indulgentiarum</strong></span> <span class='ocrx_word' id='word_1_131' title='bbox 627 2474 847 2534; x_wconf 88' lang='lat' dir='ltr'><strong>consecutione</strong></span> <span class='ocrx_word' id='word_1_132' title='bbox 870 2475 1006 2553; x_wconf 90' lang='lat' dir='ltr'><strong>requisi·</strong></span> 
     </span>
     <span class='ocr_line' id='line_1_24' title="bbox 42 2566 1005 2642; baseline 0 -14"><span class='ocrx_word' id='word_1_133' title='bbox 42 2572 106 2642; x_wconf 88' lang='lat' dir='ltr'><strong>tas,</strong></span> <span class='ocrx_word' id='word_1_134' title='bbox 130 2583 380 2642; x_wconf 88' lang='lat' dir='ltr'><strong>unumquemque</strong></span> <span class='ocrx_word' id='word_1_135' title='bbox 407 2566 510 2625; x_wconf 89' lang='lat' dir='ltr'><strong>teneri</strong></span> <span class='ocrx_word' id='word_1_136' title='bbox 541 2567 699 2639; x_wconf 88' lang='lat' dir='ltr'><strong>recitare,</strong></span> <span class='ocrx_word' id='word_1_137' title='bbox 722 2567 773 2627; x_wconf 84' lang='lat' dir='ltr'><strong>vel</strong></span> <span class='ocrx_word' id='word_1_138' title='bbox 795 2586 898 2628; x_wconf 85' lang='lat' dir='ltr'><strong>secum</strong></span> <span class='ocrx_word' id='word_1_139' title='bbox 921 2569 1005 2628; x_wconf 88' lang='lat' dir='ltr'><strong>deie-</strong></span> 
     </span>
     <span class='ocr_line' id='line_1_25' title="bbox 43 2660 1005 2738; baseline -0.002 -16"><span class='ocrx_word' id='word_1_140' title='bbox 43 2665 138 2723; x_wconf 88' lang='lat' dir='ltr'><strong>rendo</strong></span> <span class='ocrx_word' id='word_1_141' title='bbox 167 2677 327 2732; x_wconf 89' lang='lat' dir='ltr'><strong>coronam,</strong></span> <span class='ocrx_word' id='word_1_142' title='bbox 354 2660 543 2721; x_wconf 74' lang='lat' dir='ltr'><strong>crucifixum</strong></span> <span class='ocrx_word' id='word_1_143' title='bbox 572 2665 647 2734; x_wconf 77' lang='lat' dir='ltr'><strong>etc,</strong></span> <span class='ocrx_word' id='word_1_144' title='bbox 670 2660 721 2720; x_wconf 81' lang='lat' dir='ltr'><strong>vel</strong></span> <span class='ocrx_word' id='word_1_145' title='bbox 751 2660 777 2719; x_wconf 90' lang='lat' dir='ltr'><strong>si</strong></span> <span class='ocrx_word' id='word_1_146' title='bbox 803 2662 872 2738; x_wconf 89' lang='lat' dir='ltr'><strong>quis</strong></span> <span class='ocrx_word' id='word_1_147' title='bbox 900 2679 1005 2722; x_wconf 88' lang='lat' dir='ltr'><strong>secum</strong></span> 
     </span>
     <span class='ocr_line' id='line_1_26' title="bbox 44 2752 1004 2826; baseline -0.003 -11"><span class='ocrx_word' id='word_1_148' title='bbox 44 2777 101 2818; x_wconf 89' lang='lat' dir='ltr'><strong>non</strong></span> <span class='ocrx_word' id='word_1_149' title='bbox 125 2757 250 2826; x_wconf 87' lang='lat' dir='ltr'><strong>habeat,</strong></span> <span class='ocrx_word' id='word_1_150' title='bbox 273 2756 379 2813; x_wconf 83' lang='lat' dir='ltr'><strong>eadem</strong></span> <span class='ocrx_word' id='word_1_151' title='bbox 401 2754 433 2812; x_wconf 88' lang='lat' dir='ltr'><strong>in</strong></span> <span class='ocrx_word' id='word_1_152' title='bbox 454 2753 617 2826; x_wconf 91' lang='lat' dir='ltr'><strong>cubiculo,</strong></span> <span class='ocrx_word' id='word_1_153' title='bbox 640 2753 691 2813; x_wconf 86' lang='lat' dir='ltr'><strong>vel</strong></span> <span class='ocrx_word' id='word_1_154' title='bbox 712 2752 777 2812; x_wconf 89' lang='lat' dir='ltr'><strong>alio</strong></span> <span class='ocrx_word' id='word_1_155' title='bbox 799 2754 922 2813; x_wconf 88' lang='lat' dir='ltr'><strong>decenti</strong></span> <span class='ocrx_word' id='word_1_156' title='bbox 937 2755 1004 2814; x_wconf 88' lang='lat' dir='ltr'><strong>loco</strong></span> 
     </span>
     <span class='ocr_line' id='line_1_27' title="bbox 44 2845 1039 2922; baseline -0.003 -13"><span class='ocrx_word' id='word_1_157' title='bbox 44 2868 116 2911; x_wconf 86' lang='lat' dir='ltr'><strong>auae</strong></span> <span class='ocrx_word' id='word_1_158' title='bbox 137 2847 344 2909; x_wconf 82' lang='lat' dir='ltr'><strong>habitationis</strong></span> <span class='ocrx_word' id='word_1_159' title='bbox 371 2847 528 2919; x_wconf 89' lang='lat' dir='ltr'><strong>retinere,</strong></span> <span class='ocrx_word' id='word_1_160' title='bbox 550 2850 583 2906; x_wconf 88' lang='lat' dir='ltr'><strong>et</strong></span> <span class='ocrx_word' id='word_1_161' title='bbox 610 2862 713 2906; x_wconf 88' lang='lat' dir='ltr'><strong>coram</strong></span> <span class='ocrx_word' id='word_1_162' title='bbox 742 2845 788 2905; x_wconf 89' lang='lat' dir='ltr'><strong>eis</strong></span> <span class='ocrx_word' id='word_1_163' title='bbox 813 2846 1004 2922; x_wconf 88' lang='lat' dir='ltr'><strong>respectivas</strong></span> <span class='ocrx_word' id='word_1_164' title='bbox 1038 2872 1039 2876; x_wconf 41' lang='lat'>¹</span> 
     </span>
     <span class='ocr_line' id='line_1_28' title="bbox 45 2940 465 3020; baseline -0.014 -15"><span class='ocrx_word' id='word_1_165' title='bbox 45 2961 150 3020; x_wconf 87' lang='lat' dir='ltr'><strong>preces</strong></span> <span class='ocrx_word' id='word_1_166' title='bbox 171 2943 308 3002; x_wconf 88' lang='lat' dir='ltr'><strong>recitare</strong></span> <span class='ocrx_word' id='word_1_167' title='bbox 329 2940 465 3000; x_wconf 87' lang='lat' dir='ltr'><strong>debebit.</strong></span> 
     </span>
    </p>

    <p class='ocr_par' dir='ltr' id='par_1_9' title="bbox 45 3031 1005 3564">
     <span class='ocr_line' id='line_1_29' title="bbox 101 3031 1005 3096; baseline -0.007 0"><span class='ocrx_word' id='word_1_168' title='bbox 101 3039 275 3096; x_wconf 88' lang='lat' dir='ltr'><strong>Praeterea</strong></span> <span class='ocrx_word' id='word_1_169' title='bbox 288 3035 327 3094; x_wconf 94' lang='lat' dir='ltr'><strong>ab</strong></span> <span class='ocrx_word' id='word_1_170' title='bbox 342 3033 517 3094; x_wconf 90' lang='lat' dir='ltr'><strong>huiusmodi</strong></span> <span class='ocrx_word' id='word_1_171' title='bbox 532 3031 753 3094; x_wconf 89' lang='lat' dir='ltr'><strong>Benedictione</strong></span> <span class='ocrx_word' id='word_1_172' title='bbox 768 3031 927 3092; x_wconf 87' lang='lat' dir='ltr'><strong>Sanctitas</strong></span> <span class='ocrx_word' id='word_1_173' title='bbox 941 3031 1005 3090; x_wconf 84' lang='lat' dir='ltr'><strong>Sua</strong></span> 
     </span>
     <span class='ocr_line' id='line_1_30' title="bbox 45 3124 1005 3204; baseline -0.007 -17"><span class='ocrx_word' id='word_1_174' title='bbox 45 3130 151 3190; x_wconf 88' lang='lat' dir='ltr'><strong>reiicit</strong></span> <span class='ocrx_word' id='word_1_175' title='bbox 172 3127 337 3204; x_wconf 88' lang='lat' dir='ltr'><strong>imagines,</strong></span> <span class='ocrx_word' id='word_1_176' title='bbox 359 3128 426 3186; x_wconf 87' lang='lat' dir='ltr'><strong>sive</strong></span> <span class='ocrx_word' id='word_1_177' title='bbox 448 3126 624 3202; x_wconf 86' lang='lat' dir='ltr'><strong>impressas,</strong></span> <span class='ocrx_word' id='word_1_178' title='bbox 640 3124 706 3183; x_wconf 85' lang='lat' dir='ltr'><strong>sire</strong></span> <span class='ocrx_word' id='word_1_179' title='bbox 722 3124 871 3202; x_wconf 87' lang='lat' dir='ltr'><strong>depictas,</strong></span> <span class='ocrx_word' id='word_1_180' title='bbox 887 3140 1005 3182; x_wconf 89' lang='lat' dir='ltr'><strong>necnon</strong></span> 
     </span>
     <span class='ocr_line' id='line_1_31' title="bbox 45 3217 1004 3296; baseline -0.007 -14"><span class='ocrx_word' id='word_1_181' title='bbox 45 3223 168 3295; x_wconf 74' lang='lat' dir='ltr'><strong>(truces,</strong></span> <span class='ocrx_word' id='word_1_182' title='bbox 191 3221 377 3293; x_wconf 78' lang='lat' dir='ltr'><strong>crucifixos,</strong></span> <span class='ocrx_word' id='word_1_183' title='bbox 400 3237 513 3296; x_wconf 87' lang='lat' dir='ltr'><strong>parvas</strong></span> <span class='ocrx_word' id='word_1_184' title='bbox 535 3223 668 3290; x_wconf 85' lang='lat' dir='ltr'><strong>statuas,</strong></span> <span class='ocrx_word' id='word_1_185' title='bbox 691 3218 891 3290; x_wconf 88' lang='lat' dir='ltr'><strong>numismata,</strong></span> <span class='ocrx_word' id='word_1_186' title='bbox 905 3217 1004 3294; x_wconf 84' lang='lat' dir='ltr'><strong>vulgo</strong></span> 
     </span>
     <span class='ocr_line' id='line_1_32' title="bbox 47 3310 1002 3394; baseline -0.006 -20"><span class='ocrx_word' id='word_1_187' title='bbox 47 3316 209 3394; x_wconf 79' lang='lat' dir='ltr'><strong>Medaqlie</strong></span> <span class='ocrx_word' id='word_1_188' title='bbox 230 3318 418 3392; x_wconf 83' lang='lat' dir='ltr'><strong>nuncupata,</strong></span> <span class='ocrx_word' id='word_1_189' title='bbox 441 3331 519 3390; x_wconf 88' lang='lat' dir='ltr'><strong>quae</strong></span> <span class='ocrx_word' id='word_1_190' title='bbox 540 3331 578 3372; x_wconf 87' lang='lat' dir='ltr'><strong>ex</strong></span> <span class='ocrx_word' id='word_1_191' title='bbox 600 3311 696 3383; x_wconf 86' lang='lat' dir='ltr'><strong>ferro,</strong></span> <span class='ocrx_word' id='word_1_192' title='bbox 726 3314 849 3384; x_wconf 89' lang='lat' dir='ltr'><strong>stanno,</strong></span> <span class='ocrx_word' id='word_1_193' title='bbox 866 3310 1002 3387; x_wconf 92' lang='lat' dir='ltr'><strong>plumbo,</strong></span> 
     </span>
     <span class='ocr_line' id='line_1_33' title="bbox 47 3403 1004 3486; baseline 0 -20"><span class='ocrx_word' id='word_1_194' title='bbox 47 3412 95 3471; x_wconf 86' lang='lat' dir='ltr'><strong>rei</strong></span> <span class='ocrx_word' id='word_1_195' title='bbox 117 3428 157 3469; x_wconf 82' lang='lat' dir='ltr'><strong>ex</strong></span> <span class='ocrx_word' id='word_1_196' title='bbox 179 3408 289 3486; x_wconf 82' lang='lat' dir='ltr'><strong>fragili</strong></span> <span class='ocrx_word' id='word_1_197' title='bbox 310 3408 373 3469; x_wconf 89' lang='lat' dir='ltr'><strong>alia</strong></span> <span class='ocrx_word' id='word_1_198' title='bbox 400 3404 554 3478; x_wconf 90' lang='lat' dir='ltr'><strong>materia,</strong></span> <span class='ocrx_word' id='word_1_199' title='bbox 575 3403 738 3482; x_wconf 87' lang='lat' dir='ltr'><strong>facilisque</strong></span> <span class='ocrx_word' id='word_1_200' title='bbox 760 3404 1004 3481; x_wconf 89' lang='lat' dir='ltr'><strong>consumptionis</strong></span> 
     </span>
     <span class='ocr_line' id='line_1_34' title="bbox 49 3504 265 3564; baseline 0.009 -4"><span class='ocrx_word' id='word_1_201' title='bbox 49 3504 265 3564; x_wconf 87' lang='lat' dir='ltr'><strong>coniiciuntur.</strong></span> 
     </span>
    </p>
   </div>
   <div class='ocr_carea' id='block_1_8' title="bbox 141 3622 911 3674">
    <p class='ocr_par' dir='ltr' id='par_1_10' title="bbox 141 3622 911 3674">
     <span class='ocr_line' id='line_1_35' title="bbox 141 3622 911 3674; baseline -0.006 0"><span class='ocrx_word' id='word_1_202' title='bbox 141 3624 199 3674; x_wconf 83' lang='lat' dir='ltr'><strong>Vol.</strong></span> <span class='ocrx_word' id='word_1_203' title='bbox 217 3623 262 3673; x_wconf 84' lang='lat' dir='ltr'><strong>II.</strong></span> <span class='ocrx_word' id='word_1_204' title='bbox 881 3622 911 3669; x_wconf 88' lang='lat'><strong>10</strong></span> 
     </span>
    </p>
   </div>
   <div class='ocr_carea' id='block_1_9' title="bbox 0 0 1260 4200">
    <p class='ocr_par' dir='ltr' id='par_1_11' title="bbox 0 0 1260 4200">
     <span class='ocr_line' id='line_1_36' title="bbox 0 0 1260 4200; baseline 0 0"><span class='ocrx_word' id='word_1_205' title='bbox 0 0 1260 4200; x_wconf 95' lang='lat' dir='ltr'><strong> </strong></span> 
     </span>
    </p>
   </div>
  </div>
 </body>
</html>
