2426 4192
642 226 822 286 -194-

198 357 201 366 ’
250 352 323 396 mea
343 353 410 394 noa
439 336 638 395 transibunt.
662 334 746 400 Quae
768 333 885 392 verbat
910 332 960 391 To
979 349 1010 392 es
1027 333 1186 404 Petrossa

250 427 453 504 superbene
473 435 602 504 petram
628 427 805 504 aedificabo
829 425 1011 484 'Ecclesiam
1032 443 1145 496 meam,
1166 434 1187 484 et

246 530 362 600 portae
383 523 488 600 inseri
507 540 575 581 coc
592 524 830 598 praevalebunt
852 521 1007 581 adversos
1031 537 1127 580 eom»
1145 520 1185 596 (l).

312 617 399 684 Quod
421 617 459 675 de
481 615 571 674 novis
593 614 722 691 pietatis
744 613 935 673 testimoniis
956 613 1130 690 scripsistis,
1148 630 1188 670 ve·

251 711 409 772 nersbiles
427 711 570 782 Fratres,
585 709 696 785 quibus
717 707 979 767 elementissimus
999 708 1126 784 Angliae
1138 711 1189 767 Rex

251 822 364 865 ornare
378 805 441 863 Vos
457 802 572 879 pergit,
589 801 806 879 gratissimum
818 802 917 863 Nobis
938 804 998 871 est,
1014 802 1068 878 qui
1087 819 1136 877 per
1152 818 1188 858 eas

192 929 193 933 =
251 897 392 969 litteras,
415 914 491 972 quas
513 896 550 954 ad
573 895 714 972 singulos
734 895 866 954 Vestros
888 894 957 952 dori
977 895 1081 967 iussit,
1096 893 1189 971 signifi·

253 990 341 1050 cavit
354 989 461 1062 Vobis,
478 1007 510 1048 se
524 1006 561 1048 ea
574 989 658 1067 lege,
672 1008 734 1066 qua
748 989 907 1066 peregrini
926 1007 1033 1047 omnes
1048 1007 1086 1047 ex
1099 985 1187 1063 Anglii

251 1081 339 1143 exire
362 1082 439 1142 iussi
461 1086 545 1155 sunt,
568 1087 727 1159 exemptos
748 1082 812 1141 Vos
834 1081 918 1140 velle
935 1081 992 1158 (2).
1017 1083 1101 1147 Quod
1121 1079 1188 1140 testi·

251 1175 387 1235 monium
403 1175 749 1234 honorificentissimum
766 1175 804 1234 ab
818 1173 1043 1233 humanissimo
1059 1177 1137 1250 Rege
1149 1172 1188 1230 tri·

251 1270 362 1328 butum
383 1268 467 1341 fidei,
489 1287 525 1328 ac
547 1269 711 1328 sanctitati
726 1269 871 1340 Vestrae,
891 1269 916 1326 si
936 1267 1035 1326 Vobis
1056 1267 1107 1343 qui
1125 1283 1189 1326 acce

250 1363 343 1440 pistis
370 1365 434 1422 tam
462 1361 630 1439 gloriosum
656 1365 726 1434 est,
755 1364 871 1437 quanto
900 1359 949 1419 illi
976 1359 1095 1436 magis,
1115 1375 1188 1432 aquo

250 1456 347 1516 Vobis
369 1458 418 1514 est
439 1455 560 1515 datum?
580 1457 645 1522 Quo
666 1455 762 1514 etiam
789 1445 1005 1512 uehementius
1024 1452 1133 1512 laetati
1150 1469 1187 1508 sn·

249 1567 329 1608 mus.
354 1550 411 1610 Oui
434 1550 513 1626 Regi
541 1549 665 1625 quidem
690 1567 760 1608 cum
786 1566 842 1625 pro
871 1547 1017 1606 maximis
1045 1544 1187 1610 beneficiis,

250 1661 329 1718 quae
350 1642 383 1700 in
405 1644 467 1703 Vos
493 1641 647 1714 contulit,
675 1658 743 1700 earn
772 1642 909 1718 gratiam
934 1658 1028 1715 quam
1053 1640 1187 1701 habemus

250 1734 370 1794 referre
398 1735 483 1794 nollo
510 1737 600 1794 modo
628 1735 798 1811 possimus,
821 1737 917 1793 Deum
945 1737 1187 1792 remuneratorem

251 1844 418 1904 rogamus,
445 1831 481 1887 ut
502 1827 567 1904 ipse
588 1845 723 1904 pro-sua
748 1825 900 1902 largitate
924 1826 1057 1886 referat.
1080 1821 1188 1894 Quodsi

250 1920 466 1997 impetramus,
480 1920 559 1978 nihil
575 1920 638 1979 erit
651 1918 797 1996 amplius,
810 1921 891 1996 quod
907 1921 944 1978 ad
960 1937 1113 1980 summam
1123 1917 1188 1978 Prin·

252 2013 332 2090 cipis
350 2011 596 2085 clementissimi,
612 2013 737 2090 eiusque
752 2013 841 2090 regni
864 2012 1006 2072 universi
1027 2011 1186 2071 felicitatem

249 2124 269 2165 a
287 2107 398 2180 Nobis,
422 2107 577 2183 Vobisque
600 2107 703 2183 optari
725 2107 835 2184 possit.

309 2200 435 2274 Velote,
458 2200 653 2260 venerabiles
675 2203 819 2274 Fratres,
841 2204 875 2260 et
895 2199 1081 2259 clarissimis
1109 2211 1188 2257 exen-

248 2293 310 2371 plis
325 2292 458 2352 virtutis
473 2294 605 2352 Vestrae
627 2312 689 2352 una
710 2310 779 2351 cum
799 2291 914 2352 ceteris
928 2290 1082 2352 iratribus
1096 2290 1189 2366 disper·

249 2385 337 2457 ditis,
360 2388 393 2444 et
414 2384 445 2443 iu
468 2384 675 2446 tribulatione
696 2384 808 2462 positis
829 2384 999 2445 Ecclesiam
1022 2384 1079 2444 Dei
1102 2395 1208 2443 ornans¹

247 2476 391 2554 pergite,
413 2477 451 2536 ad
474 2496 548 2555 quos
574 2479 669 2538 etiem
692 2479 718 2540 si
740 2481 797 2541 has
817 2479 944 2538 litteras
964 2481 1101 2541 Nostros
1121 2476 1190 2536 miss·

248 2568 334 2644 ritis,
351 2571 564 2648 gratissimum
580 2573 676 2635 Nobis
697 2573 770 2633 erit.
795 2575 839 2633 Eo
862 2572 945 2632 enim
968 2573 1074 2632 animo
1088 2565 1189 2645 scripsi·

248 2682 328 2737 mus,
352 2671 388 2726 ut
408 2683 464 2742 per
484 2684 536 2726 eas
558 2685 617 2726 non
640 2669 703 2728 Vos
725 2666 838 2739 solum,
859 2667 909 2726 sed
931 2665 1004 2726 illos
1025 2667 1122 2727 etiam
1140 2678 1188 2722 eon·

312 2853 348 2907 (l)
365 2854 439 2899 Hom.
459 2849 512 2900 ant.
530 2853 590 2900 sxil.

310 2930 348 2986 (2)
364 2928 393 2974 Id
410 2929 506 2976 iactum
522 2928 573 2974 init
589 2928 620 2976 ob
642 2917 768 2975 tumultus
785 2942 800 2975 a
816 2928 970 2988 reipublicae
995 2930 1139 2978 fautoribus
1155 2927 1186 2971 iot

249 3017 316 3052 auno
333 3006 361 3051 in
377 3004 501 3052 Hibernia
516 3005 646 3052 excitatos.
666 3005 709 3051 Uti
725 3005 899 3063 gratissimum
914 3009 1107 3052 monumentum
1122 3001 1188 3060 amu·

246 3081 309 3127 tatis
332 3081 407 3138 atque
423 3081 544 3139 pietatis,
562 3094 613 3138 qus
628 3093 690 3138 erga
713 3083 847 3128 exulantes
871 3094 917 3140 pro
945 3081 1048 3128 christo
1073 3083 1188 3142 Episcopus

248 3157 347 3202 Galliae
365 3169 426 3202 usus
442 3157 482 3204 est
497 3157 604 3214 Angues
620 3160 681 3213 Rex,
694 3170 805 3204 necnon
822 3157 971 3216 prudentiss
989 3160 1146 3215 omniumque
1153 3153 1189 3198 sir

245 3233 347 3288 tntum,
366 3233 457 3289 quibus
481 3233 526 3278 isti
542 3232 573 3279 de
589 3233 642 3278 suis
658 3232 802 3290 hospitibus
826 3234 880 3280 tam
904 3233 968 3280 bene
994 3233 1079 3298 meriti
1095 3229 1187 3280 ruerunt

245 3304 343 3362 placuit
358 3305 387 3353 iu
402 3306 549 3364 appendice
564 3306 641 3353 huius
657 3306 719 3354 tomi
735 3307 831 3354 reterre
845 3308 978 3365 epistolem
990 3309 1022 3354 ab
1033 3299 1188 3366 Ausucum

245 3379 369 3427 Portland
385 3380 499 3428 eiusdem
516 3381 591 3438 Regis
606 3383 707 3429 nomine
733 3381 823 3430 datam
839 3382 872 3429 ad
888 3385 1040 3431 memoratos
1056 3385 1188 3442 Episcopus

247 3464 312 3512 quae
328 3457 427 3512 prostat
441 3457 469 3502 in
487 3457 640 3506 collectione
658 3458 763 3506 Guillou
779 3458 840 3505 enit.
860 3459 966 3507 Parisiis
983 3473 1025 3507 sn.
1038 3459 1188 3510 lrssinsu

248 3528 358 3588 plemen.
374 3544 433 3590 pag.
451 3534 489 3580 65.
