2430 4202
197 283 437 345 uos-Paratum
452 303 485 345 se
500 286 669 364 profitetur
680 289 717 347 ad
728 289 833 349 omnis
846 307 903 366 pro
915 288 1070 351 Ecclesiae
1084 289 1170 348 bono

199 379 375 439 toleranda.
391 383 434 440 ΙΙ.
451 381 706 442 162.-Eiusdem
726 383 865 445 laudatio
889 383 1033 444 funebris
1053 384 1087 443 in
1110 401 1169 461 pa·

199 472 367 532 triarchali
388 475 512 534 Veneta
530 475 678 536 Basilica.
693 475 765 536 259.

260 567 480 628 Poenitentiae
501 570 690 630 sacramenti
711 569 743 629 in
764 569 878 630 alienis
898 571 996 630 etiam
1017 569 1170 630 dioecesi-

199 662 257 723 bus
275 664 522 725 administratio.
538 667 579 726 ΙΙ.
595 666 667 726 111.

260 761 395 820 Pontisii
418 761 595 837 Perculsum
618 763 740 822 Summi
760 763 923 824 Pontificis
944 765 984 823 ad
1007 782 1082 824 eum
1106 763 1171 841 epi·

202 853 296 914 stola.
313 856 338 914 Ι.
355 854 406 914 29.

262 949 469 1025 Propaganda
484 947 547 1026 (de)
559 949 637 1008 Fide
651 950 910 1029 congregauonis
928 951 1115 1011 Secretnrio
1134 953 1169 1011 lit

201 1045 341 1120 potestas
361 1040 533 1118 recipiendi
559 1060 595 1103 ac
613 1042 771 1103 referendi
793 1045 920 1104 Summo
941 1045 1097 1104 Pontifici
1118 1063 1169 1122 pe-

202 1134 335 1195 titiones
355 1151 412 1210 pro
433 1135 597 1196 catholicis
618 1137 804 1213 degentibus
825 1138 859 1196 in
882 1137 958 1197 locis
988 1138 1165 1198 Galliarum

202 1229 282 1306 Regi
301 1229 451 1289 subiectis
464 1273 473 1302 ‚
485 1248 522 1289 ac
543 1248 600 1306 pro
622 1231 862 1292 conservatione
883 1234 917 1290 et
938 1232 1165 1308 propagatione

202 1324 293 1384 Fidei
313 1327 352 1385 ad
373 1324 476 1383 instar
488 1324 623 1385 aliorum
640 1326 791 1396 locorum,
808 1324 840 1384 iu
855 1325 968 1402 quibus
981 1329 1166 1401 grassantur

202 1419 358 1478 haereses.
375 1419 401 1477 I.
416 1417 507 1478 202-
520 1419 665 1480 Consulit
685 1419 868 1495 Oapuccinis
888 1419 1001 1479 eiectis
1024 1438 1043 1478 e
1066 1420 1166 1479 coeno·

203 1511 266 1571 bio.
283 1512 354 1571 374.
367 1541 384 1556 -
397 1511 563 1572 Helvetiae
577 1511 698 1573 Nuntio
716 1511 899 1589 Apostolico
919 1511 1096 1572 facultates
1116 1512 1163 1571 tri·

202 1605 275 1665 buit
300 1622 357 1680 pro
385 1606 599 1666 sacerdotibus
626 1606 707 1682 Regi
737 1605 1003 1666 christianissimo
1038 1605 1162 1665 subditis

203 1698 320 1759 ibidem
335 1699 609 1760 commorantibus.
625 1700 697 1760 375.

263 1794 441 1854 Potestatis
459 1794 565 1854 civilis
586 1797 621 1853 et
641 1794 871 1855 ecclesiasticae
885 1811 963 1871 quae
978 1795 1158 1855 relationes.

264 1983 423 2044 Primatus
444 1984 577 2046 Romani
597 1983 761 2045 Pontificis
782 2002 801 2044 a
820 1982 1057 2044 Constitutione
1078 1982 1165 2042 civili

205 2076 284 2136 cleri
305 2075 481 2154 impetitus.
497 2079 521 2137 I.
539 2077 589 2136 73.

264 2169 580 2248 Pseudo-philosophi
603 2171 763 2230 libertatis
783 2169 957 2246 speciosum
978 2185 1092 2228 nomen
1118 2187 1165 2228 re-

203 2264 350 2342 periunt,
373 2268 407 2325 et
426 2265 465 2324 ad
486 2263 553 2324 eius
574 2263 697 2324 vexilla
718 2262 846 2340 populos
867 2265 1013 2323 evocant.
1031 2262 1167 2322 1126.-

204 2360 233 2417 Α
255 2357 339 2416 clero
364 2357 525 2417 Gallicano
549 2360 583 2417 et
607 2376 625 2418 a
646 2358 772 2417 Summo
801 2356 956 2418 Pontifice
978 2355 1165 2416 denuncian-

204 2453 271 2510 tur.
281 2450 359 2510 Ibid.
376 2452 409 2510 et
423 2469 507 2528 seqq.
517 2483 533 2496 -
543 2450 690 2510 Subditos
704 2452 742 2509 ad
758 2447 962 2509 rebellionem
985 2450 1098 2508 contra
1119 2450 1165 2508 do·

205 2543 363 2604 minantes
390 2545 550 2619 excitant3
577 2547 810 2622 aequalitatem
836 2543 998 2604 hominum
1023 2544 1111 2603 inter
1134 2561 1162 2601 se

206 2637 367 2698 iactitant.
384 2640 425 2699 ΙΙ.
442 2639 492 2700 26.
508 2671 528 2684 -
544 2641 655 2699 Totam
679 2641 835 2716 Europam
849 2655 890 2698 ex
908 2637 978 2697 odio
1004 2637 1164 2714 religionis

205 2732 400 2792 convellunt.
414 2734 454 2794 ΙΙ.
468 2734 519 2806 29,
532 2732 581 2793 30.
594 2735 665 2794 -Ut
679 2733 801 2809 regales
815 2735 989 2809 potestates
1003 2731 1163 2803 deliciunt,

205 2828 244 2887 ad
258 2826 492 2887 subversionem
507 2826 671 2903 religionis
687 2825 859 2887 catholicae
873 2827 1050 2903 adspirant.
1063 2826 1104 2884 Il.
1118 2825 1162 2884 33.

265 2921 443 2996 Puerperae
459 2938 517 2979 non
533 2920 621 2992 licet,
637 2920 762 2997 expleto
783 2919 963 2996 puerperio,
975 2917 1163 2978 benedictio-

206 3032 276 3073 nem
291 3033 310 3075 a
323 3015 464 3076 Parocho
484 3014 537 3076 vel
558 3013 745 3092 presbytero
766 3013 871 3074 iurato
887 3012 1041 3088 recipere.
1058 3013 1099 3072 II.
1115 3012 1160 3072 86.

667 3165 698 3220 B

264 3295 494 3357 Reconciliatio
530 3295 677 3356 ecclesiae
717 3312 773 3371 per
811 3293 984 3371 simplicem
1030 3296 1162 3355 sacerdo

208 3393 282 3450 tem.
309 3389 429 3450 1.201.

265 3485 367 3559 Reges
388 3483 567 3557 christiani,
591 3485 627 3543 ut
647 3482 794 3544 ecclesiae
816 3481 875 3542 filii
896 3487 930 3544 et
951 3482 1090 3559 patroni,
1112 3485 1160 3543 de·
