2426 4192
241 409 323 471 detis
345 409 423 486 ipsi,
447 409 569 487 ipsique
590 411 715 487 experti
737 411 900 482 fatemini,
924 427 1089 487 numquam
1109 415 1192 470 anua

241 523 281 564 ex
294 501 466 564 inferorum
479 504 582 580 portis
596 509 708 564 contra
722 523 844 565 morum
860 505 1075 576 sanctitatem,
1091 509 1191 566 contra

241 597 484 658 ecclesiasticam
496 598 707 675 disciplinam,
719 602 831 661 contra
842 603 981 659 sanctam
992 598 1190 675 Apostolican

195 695 199 704 '
241 693 351 751 Sedem
372 691 499 768 eiusque
521 711 581 751 non
604 695 818 754 temerandam
840 693 1077 762 auctoritatem,
1092 697 1191 752 oontm

241 785 428 845 catholicam
440 784 623 862 religionem
637 786 816 848 universam
829 789 886 846 aut
901 786 1067 862 graviores
1082 788 1136 844 ant
1147 802 1189 861 pe-

241 877 442 938 riculosiores
456 879 611 956 procellas
625 879 720 940 fnisse
735 880 902 940 excitatas.
920 882 1037 956 Itaque
1048 881 1079 941 N
1081 897 1114 938 os
1127 878 1186 954 ipsi,

241 970 294 1046 qni
315 989 334 1030 a
354 972 432 1032 Sede
454 972 594 1049 principe
615 976 774 1034 Romanae
795 967 953 1034 Ecclesiae
975 972 1082 1044 eiecti,
1104 970 1188 1048 patri

240 1063 345 1122 monio
366 1065 397 1123 S.
422 1065 510 1123 Petri
533 1065 674 1142 spoliati,
697 1065 845 1126 distracti
866 1083 884 1124 a
904 1065 999 1124 Filiis
1020 1064 1190 1125 Fratribus.

240 1177 300 1236 que
310 1159 437 1220 Nostris
448 1159 731 1238 carissimis,atque
744 1163 775 1220 in
788 1163 846 1222 hoc
857 1161 954 1221 exilio
966 1161 1078 1221 vivere
1089 1159 1184 1228 coacti,

239 1254 436 1315 confortante
463 1256 611 1314 Nostram
640 1256 859 1317 infirmitatem
887 1257 968 1328 Deo,
998 1253 1185 1332 gravissimas

239 1365 403 1408 aerumnas
416 1347 549 1407 Nostras
563 1365 661 1424 aequo
675 1349 777 1407 animo
791 1348 933 1419 ierimus,
947 1351 1071 1408 tantam
1086 1346 1183 1407 iunium

238 1440 376 1499 omnium
398 1456 465 1497 cum
489 1439 669 1499 divinorum
685 1444 751 1500 tum
765 1442 971 1500 humanorum
986 1439 1184 1500 conculcatio·

239 1549 321 1606 nem,
344 1543 409 1592 tam
423 1532 566 1592 luctuosa
579 1531 754 1594 animarum
769 1535 869 1596 Nobis
883 1533 1121 1594 commissarum
1134 1531 1183 1592 eni·

238 1625 284 1686 tia
304 1626 388 1685 ferre
409 1625 477 1684 sine
497 1643 611 1702 magna
630 1626 727 1686 animi
746 1627 857 1689 Nostri
879 1627 1120 1704 perturbatione
1138 1643 1182 1684 non

237 1736 412 1796 possumus.

298 1813 398 1879 Quare
421 1815 554 1889 urgente
575 1813 642 1872 Nos
661 1813 874 1874 Ecclesiarnm
889 1814 1027 1873 omnium
1043 1811 1181 1873 sollicita·
1210 1885 1211 1890 η

238 1906 322 1980 dine,
345 1906 390 1965 nil
412 1911 477 1967 tam
492 1908 697 1966 vehementer
710 1908 904 1983 postulamus
918 1927 936 1968 a
949 1907 1094 1979 Domino,
1110 1920 1179 1983 quan
1211 1977 1212 1980 Ἴ

237 2003 274 2062 ut
294 2004 428 2078 gravata
450 1999 573 2076 potenti
594 2017 687 2060 manu
709 2019 803 2078 super·
822 2002 899 2074 Nos,
913 2000 1032 2061 etenim
1048 2003 1084 2060 et
1097 1995 1180 2058 hnmi-
1210 1997 1211 2002 ’

235 2096 352 2158 liamur
374 2096 430 2154 sub
451 2113 488 2154 ea
510 2093 594 2152 etin
616 2093 745 2170 flagella
763 2095 869 2172 parati
892 2112 1011 2167 sumus,
1027 2091 1178 2154 Ecclesian
1210 2107 1211 2180 p

236 2208 321 2250 suam
343 2189 498 2249 iacentem
520 2186 687 2264 respiciat,
710 2205 809 2264 neque
829 2188 971 2265 patiatur
993 2191 1060 2246 tam
1082 2185 1178 2245 multas

234 2283 355 2342 animas
369 2281 471 2357 pretio
486 2280 657 2357 Sanguinis
670 2281 718 2340 sui
733 2283 911 2358 redemptas
921 2281 953 2340 in
966 2280 1095 2339 ruinam
1105 2282 1177 2351 amne
1207 2297 1209 2358 p

235 2375 268 2433 in
283 2374 415 2434 exitium
429 2375 547 2434 vocari.
563 2375 666 2451 Atque
682 2375 802 2434 utinam
817 2375 889 2432 dnm
904 2377 1064 2450 augentur
1079 2373 1110 2431 in
1130 2367 1177 2427 dies
1207 2379 1208 2430 t

234 2468 390 2530 Ecclesiae
406 2468 613 2542 calamitates,
630 2469 735 2528 aditus
748 2470 785 2529 ad
802 2469 834 2528 S.
853 2467 962 2528 Sedem
976 2465 1176 2545 Apostolican

234 2580 294 2621 non
316 2561 585 2622 intercluderetur
598 2561 760 2640 Episcopis
780 2563 819 2622 ad
841 2580 928 2639 opem
950 2579 985 2621 ac
1007 2561 1175 2622 medicinam

234 2655 333 2716 tantis
354 2655 537 2716 vulneribus
557 2657 794 2732 postulanduml
817 2657 936 2717 Verum
959 2659 1009 2717 tot
1031 2658 1175 2716 undecun-

233 2768 292 2827 que
306 2749 455 2827 poriculis
466 2750 713 2823 imminentibus,
725 2769 795 2811 cum
807 2750 888 2810 nihil
899 2749 999 2827 magis
1010 2749 1174 2828 impeditnn

232 2844 288 2917 sit,
310 2863 400 2921 quam
424 2847 480 2904 ant
499 2845 645 2904 accedere
667 2845 704 2904 ad
725 2847 799 2916 Nos,
816 2844 981 2904 autetiam
997 2860 1055 2919 per
1070 2844 1173 2903 littero

233 2938 265 2998 S.
290 2938 399 2998 Sedem
420 2937 635 3015 Apostolicam
657 2939 831 3011 consulere,
846 2937 919 2997 hinc
934 2936 984 3010 ut,
1001 2941 1038 2996 ut
1053 2938 1121 2995 dum
1133 2934 1173 2992 se·

232 3031 327 3092 clesia
347 3031 519 3092 maioribus
541 3029 669 3092 auxiliis
689 3032 823 3108 indiget,
846 3031 902 3090 vix
923 3030 1054 3090 minima
1070 3023 1172 3090 aNobis

231 3143 287 3202 ope
308 3125 412 3185 iuvari
434 3124 545 3201 possit.

291 3220 366 3280 (lum
389 3217 490 3294 igitur
511 3217 612 3278 tantis
632 3216 673 3275 iis
688 3216 735 3275 rei
750 3215 941 3278 christianae
957 3217 1120 3275 universae
1134 3228 1171 3268 ne·

230 3312 430 3373 cessitatibus
452 3310 630 3371 consultum
644 3310 778 3371 maxime
793 3310 941 3384 velimus,
957 3314 1121 3388 propterea
1136 3321 1168 3361 ne.

229 3406 378 3481 impedito
400 3406 623 3481 Episcoporum·
643 3406 680 3463 ad
703 3404 735 3462 S.
767 3404 877 3462 Sedem
907 3421 1052 3476 accessu,
1080 3412 1168 3478 greges

231 3499 307 3578 ipsis
334 3498 491 3559 commissi
512 3497 552 3557 iis
573 3497 702 3558 auxiliis
724 3496 956 3569 destituantur,
986 3514 1064 3574 quae
1089 3493 1124 3553 ab
1141 3503 1166 3546 et

230 3594 330 3656 solum
353 3595 482 3670 possunt
496 3590 709 3669 suppeditari;
725 3593 758 3650 et
772 3593 808 3651 ut
821 3589 966 3667 Episcopi
980 3608 1018 3650 ea
1031 3583 1164 3666 potestate
