2430 4202
618 239 797 300 -308-

223 345 380 424 legitima.
410 345 489 405 Ibid.
516 349 550 406 et
579 346 905 424 seq.-Exstinguitur
930 367 1038 410 eornm
1067 354 1198 431 Capitu-

223 439 300 500 lum.
311 442 338 500 Ι.
353 438 421 498 181.

281 531 516 593 Aveniouenses
538 532 721 594 deiectionis
741 534 896 595 vexillum
911 537 1059 598 efferunt.
1076 542 1188 601 1.175.

221 625 345 687 ·Nullo
366 625 570 703 vectigalium
592 645 705 704 genere
726 629 826 706 pressi
852 630 909 689 sub
930 631 1088 708 regimine
1109 636 1191 694 Pon-

221 719 330 781 tifleis.
352 720 432 780 Ibid.
460 723 493 780 et
518 738 581 798 seq.
596 750 611 768 -
625 722 789 782 Ministros
811 723 995 786 Pontificius
1023 727 1056 784 in
1085 727 1191 806 fugam

222 817 332 891 agunt.
342 816 367 874 Ι.
383 814 526 874 rra-Se
540 814 712 875 subiiciunt
726 816 841 876 ditioni
856 818 941 896 regis
960 819 1188 882 Galliaelbid.

222 912 256 969 et
269 926 333 984 seq.
342 909 481 968 -Eorum
493 908 621 969 scelera.
631 909 945 971 Ibid.-Iureiurando
959 913 1064 973 civico
1076 916 1191 992 polluti

221 1003 333 1064 iisdem
358 1003 465 1078 poenis
490 1002 720 1078 spiritualibus,
742 1003 854 1080 quihus
875 1006 974 1080 Galli,
998 1007 1138 1067 obnoxii.
1163 1010 1188 1067 Ι.

224 1096 282 1156 186
304 1099 337 1156 et
359 1114 423 1172 seq.

688 1248 715 1304 Β

279 1381 451 1459 Babylonis
464 1383 632 1459 Episcopus
654 1384 796 1459 (loannes
814 1378 971 1458 Baptista)
986 1380 1088 1440 Pallii
1103 1382 1188 1440 deco-

220 1481 310 1538 ratus
330 1476 458 1546 honore,
482 1479 514 1534 et
535 1474 622 1535 vitae
643 1478 753 1534 auctus
771 1472 918 1533 subsidiis
934 1489 953 1531 a
968 1473 1097 1532 Summo
1110 1475 1187 1532 Pon·

221 1569 318 1642 tiflce,
334 1567 367 1626 in
381 1569 599 1628 consecrandis
613 1567 898 1646 pseudo-Episcopis
913 1567 1084 1628 adsistens.
1098 1567 1186 1628 Ι.149

219 1667 253 1722 ei
277 1664 530 1738 seq.·Imitator
557 1663 712 1723 Dominici
740 1662 876 1736 Varlet,
906 1660 1182 1722 Ultraiectensium

219 1754 663 1832 pseudo-Archiepiscoporum
684 1753 919 1814 consecratoris.
943 1753 1025 1814 Ibid.
1038 1787 1055 1800 -
1069 1755 1117 1815 Ab
1137 1771 1182 1812 or·

220 1849 292 1909 dine
306 1847 481 1925 Episcopali
496 1865 673 1924 suspensus.
690 1848 940 1908 ibit-Secunda
955 1852 989 1907 et
1004 1849 1104 1908 tertia
1125 1866 1184 1906 mo·

224 1941 303 2001 nitio
324 1940 472 2001 canonica
493 1941 644 2000 adversus
664 1959 745 2001 eum.
763 1942 787 2000 Ι.
805 1941 865 2002 276
878 1944 911 2001 et
925 1959 989 2018 seq.

232 2085 235 2092 ,
281 2035 453 2112 Baptisma.
477 2035 559 2094 Num
586 2033 675 2094 licite
698 2052 716 2093 a
736 2035 879 2094 Parooho
903 2035 1012 2094 iurato
1041 2039 1178 2111 petatur.

217 2130 258 2189 ΙΙ.
268 2127 537 2204 85.-Baptismum
549 2145 609 2186 non
621 2127 698 2188 licet
709 2129 849 2206 recipere
864 2127 1040 2206 aparochis
1052 2128 1181 2188 intrusis

219 2225 253 2282 et
273 2221 397 2294 iuratis,
420 2224 550 2296 excepto
572 2238 644 2280 casu
666 2221 882 2296 necessitatis,
904 2221 937 2280 in
960 2239 1021 2297 quo
1043 2239 1104 2280 non
1125 2223 1176 2281 ad-

219 2320 303 2376 esset
323 2315 404 2375 alius
425 2314 534 2374 valens
555 2314 728 2391 baptizare.
745 2318 770 2376 Ι.
787 2317 874 2377 227-
891 2317 931 2376 ΙΙ.
946 2315 997 2374 85.

277 2408 465 2469 Basileensis
478 2411 647 2487 Episcopus
662 2409 834 2489 (Iosephus)
849 2441 865 2456 -
880 2409 1001 2469 Summi
1021 2409 1178 2475 Pontificis

217 2504 256 2564 ad
278 2520 349 2562 eum
370 2502 522 2579 Epistola.
541 2505 565 2563 Ι.
582 2504 634 2564 42.
1206 2527 1208 2584 j

277 2595 432 2657 Bavariae
446 2594 538 2657 Ducis
553 2597 658 2658 Caroli
673 2595 832 2657 Theodori
852 2596 957 2657 charit
944 2601 992 2657 tas
1015 2616 1096 2677 erga
1115 2615 1175 2675 pro·
1205 2585 1207 2655 ζ

216 2691 308 2768 fugos
330 2689 502 2750 ecclesiast
494 2706 571 2749 roos
588 2691 629 2749 ΙΙ.
645 2689 696 2750 89.

276 2784 380 2862 Belgii
401 2783 626 2861 Episcoporum
651 2782 770 2861 optima
796 2783 908 2861 agendi
934 2783 1031 2845 ratio.
1052 2787 1093 2846 Il.
1111 2784 1169 2844 169.
1201 2745 1204 2856 Ι

275 2879 484 2940 Bituricensis
497 2877 653 2938 Dioecesis
669 2878 819 2938 Parochis
829 2877 1169 2940 scribithrdinalisda

219 2975 346 3036 Zelada.
363 2975 387 3033 I.
406 2973 476 3032 138.

280 3069 416 3129 Brienne
438 3065 507 3148 (De)
529 3065 682 3142 Stephani
696 3065 803 3126 (laroli
824 3066 980 3126 abdicatio
1003 3087 1023 3128 a
1043 3069 1174 3130 cardina·

220 3163 291 3223 latu
313 3161 509 3222 admittitur.
527 3163 552 3221 Ι.
568 3161 640 3221 233.

275 3257 362 3316 Bona
383 3253 596 3315 ecelesiastica
615 3256 679 3313 Deo
700 3257 882 3314 consecrata
903 3254 957 3331 qui
979 3254 1119 3329 invadit,
1132 3273 1172 3314 sa·

217 3349 367 3426 orilegus.
383 3350 409 3408 I.
426 3350 621 3410 97.-Eorum
644 3346 765 3408 invasio
787 3364 881 3408 eausa
902 3349 1061 3409 malorum
1084 3348 1170 3409 omnis

216 3442 352 3521 generis.
374 3442 454 3503 Ibid.
472 3472 489 3487 ·
505 3442 603 3508 Quam
631 3457 720 3501 sacra
748 3440 909 3502 veteribus
929 3441 1078 3502 Francis.
1102 3441 1167 3503 Ibid.

214 3539 363 3599 ·P0enae
384 3535 582 3597 invasoribus
610 3534 800 3595 intentatae.
823 3533 982 3595 Ibid.-De
1012 3537 1175 3597 eorundem·
