2488 4204
650 239 808 298 ...44-

688 402 759 459 lx.

560 532 754 601 vnunnnauu
775 531 895 576 inurar

531 680 675 740 IOANNl
702 679 929 741 FRANGISCO

559 839 716 916 Episcopo
738 839 897 900 Leoneusi

424 1015 623 1096 PIUS
684 1015 902 1092 PAPA
956 1011 1022 1090 Vl.

365 1209 453 1265 Vcn.
467 1208 600 1278 Frater,
623 1207 774 1264 salutem
796 1209 832 1264 ct
852 1205 1092 1275 Apostolioam
1227 1201 1228 1264 l

576 1300 871 1359 Benedictionem.

307 1471 394 1529 luter
415 1467 589 1546 angustias,
610 1469 724 1544 quibus
743 1468 908 1542 afficimur,
931 1487 1069 1546 quaeque
1094 1472 1199 1532 tecum,

247 1566 370 1622 etcum
392 1564 456 1622 tuis
477 1563 689 1622 confratribus
711 1566 785 1623 sunt
804 1563 902 1624 Nobis
923 1581 1118 1635 communes,
1133 1558 1199 1620 illud

246 1654 344 1716 Nobis
365 1654 519 1732 singulari
541 1655 654 1715 solatio
674 1654 754 1727 fuit,
777 1657 855 1732 quod
878 1674 983 1715 omnes
1004 1657 1069 1716 iere
1095 1655 1201 1734 princi·

246 1770 311 1828 pes,
331 1755 364 1810 et
385 1751 536 1811 cultiores
558 1751 694 1810 nationis
714 1751 862 1811 certatim
892 1751 1012 1828 gloriae
1032 1752 1097 1811 sihi
1119 1753 1201 1810 duxe

246 1846 313 1904 rint
327 1843 462 1919 hospitio
484 1843 640 1918 excipere,
655 1847 749 1920 atque
771 1843 900 1903 alendos
921 1861 1033 1904 curare
1054 1861 1111 1904 eos
1125 1857 1201 1918 egre·
1227 1919 1228 1924 η

247 1939 313 2016 gius
335 1938 459 1999 exsules
480 1937 606 2010 Gallos,
630 1937 682 2013 qui
704 1937 772 1996 odio
794 1937 958 2014 religionis
980 1937 1046 1996 suis
1067 1937 1158 1996 bonis
1176 1933 1201 1990 el
1227 1983 1228 2042 l

246 2032 411 2094 domiciliis
426 2031 529 2090 exsuti
545 2035 578 2090 et
590 2031 682 2089 eiecti
695 2032 732 2091 ad
748 2030 834 2091 vitae
850 2031 987 2090 subsidia
1001 2027 1200 2108 comparanda

225 2157 228 2161 ·
246 2128 350 2188 adacti
372 2130 446 2184 sunt
466 2123 632 2202 confugere
657 2125 694 2183 ad
718 2129 855 2198 exteros,
876 2129 912 2184 ut
931 2126 963 2184 in
978 2125 1093 2186 alienis
1116 2122 1200 2184 ditio·

246 2222 337 2281 nibus
358 2220 458 2278 vitam
490 2220 618 2277 trahere
639 2223 776 2294 possent.
791 2221 854 2280 Hos
877 2219 962 2280 inter
982 2220 1150 2298 principes,
1175 2215 1200 2272 ei

245 2316 301 2374 has
316 2313 400 2370 inter
423 2313 563 2371 nationes
585 2312 701 2372 enituit
722 2313 862 2388 proiecto
878 2315 1010 2391 Magnae
1023 2310 1199 2374 Britanniae

246 2425 303 2468 rex
324 2405 473 2477 illustris,
490 2407 523 2464 et
537 2404 660 2482 inclyta
674 2406 761 2466 natio
777 2407 869 2466 huius
883 2409 984 2487 regni,
999 2408 1031 2466 in
1046 2425 1109 2484 quo
1126 2403 1199 2484 typis

246 2501 366 2560 editum
387 2499 508 2577 prodiit
530 2499 562 2558 in
584 2500 699 2577 vulgus
721 2501 872 2578 scriptum
894 2502 1044 2578 quoddam
1068 2496 1199 2578 pulchris

245 2597 410 2656 verborum
431 2595 648 2672 rationumque
670 2596 825 2655 coloribus
845 2596 1041 2668 distinctum,
1064 2599 1105 2656 ad
1127 2589 1199 2654 exci-

246 2691 373 2750 tandam
383 2689 520 2748 omnium
535 2689 764 2749 humanitatem
781 2689 914 2748 maxime
929 2691 1197 2749 accommodatum.
1227 2715 1228 2788 p

245 2784 302 2845 Oui
323 2781 447 2862 quidem
469 2781 592 2860 incepto
613 2784 690 2842 adeo
710 2782 788 2843 ielix
810 2785 971 2860 respondit
998 2787 1150 2854 eventus,
1172 2778 1199 2836 ul
1227 2793 1228 2826 ³

244 2875 495 2954 frequentissime
511 2877 665 2935 coaluerit
687 2878 766 2935 hanc
781 2875 878 2952 ipsam
894 2876 932 2934 ob
953 2893 1077 2935 causam
1101 2875 1199 2952 priva·
1227 2875 1228 2880 ’

245 2975 349 3029 torum
377 2969 537 3029 homiuum
570 2971 760 3042 multitude,
780 2971 811 3028 in
837 2988 898 3047 qua
919 2987 975 3029 rex
996 2970 1122 3046 quidem
1144 2968 1198 3043 ipse
1227 2977 1228 3060 p

243 3065 361 3142 primas
394 3064 504 3124 habuit
535 3069 660 3140 partes,
684 3081 822 3140 quaeque
849 3065 928 3140 apud
951 3063 1090 3140 reliquos
1114 3061 1199 3123 etiam

243 3157 367 3219 ordines
382 3157 600 3233 cuiuscumque
613 3155 802 3216 conditionis
816 3156 958 3234 exemplo
973 3160 1006 3216 et
1020 3157 1200 3216 incitamen·
1227 3198 1228 3232 p

244 3255 277 3311 to
297 3251 372 3324 fuit,
389 3256 425 3310 ut
437 3250 567 3327 plurimi
581 3252 619 3310 ad
635 3267 778 3327 magnam
795 3249 942 3327 pecuniae
957 3249 1023 3310 vim
1038 3250 1124 3310 ultro
1139 3259 1200 3319 sup

243 3343 455 3420 peditandam‚
469 3343 539 3404 dein
554 3342 587 3401 in
602 3360 765 3409 commune
787 3343 982 3402 referendam
1004 3343 1084 3402 inito
1107 3332 1198 3402 veluti

243 3434 367 3496 foedere
379 3437 595 3498 convenirent.
613 3438 660 3498 Ad
676 3436 804 3514 privata
819 3436 958 3496 subsidia
976 3436 1096 3496 accedit
1111 3433 1198 3495 etiam

243 3530 399 3608 generalis
421 3531 553 3591 collecta
572 3534 606 3590 et
623 3530 869 3604 contributio‚a
893 3547 967 3608 rege
991 3530 1057 3606 ipso
1078 3547 1135 3607 per
1155 3540 1200 3583 en·
1227 3563 1228 3608 }
