2426 4192
556 239 558 244 .
607 251 644 266 -
665 221 726 281 233
747 250 785 265 .-

546 388 697 442 lmm
716 391 853 443 verul·

498 544 577 613 RE
596 544 621 613 S
636 544 665 612 P
680 544 709 612 0
724 543 757 613 N
774 543 799 612 S
814 543 848 612 U
862 542 899 612 Μ
1193 547 1194 552 ’

414 705 528 764 Datum
550 704 600 764 die
623 704 660 765 14
681 703 874 780 Septembris
899 703 976 764 1796

338 870 366 929 Α
388 871 604 932 PRAESULE
624 872 866 932 LAURENTIO
886 870 1060 931 OALEPPI

217 1018 364 1078 Domz’nis
386 1018 522 1081 Saliocli
543 1028 574 1080 cl
596 1019 732 1081 Garrou
753 1017 992 1081 commissoriis
1006 1017 1163 1079 Dircclorii

278 1113 486 1190 Eocpuutici
504 1114 713 1190 Reipublicae
741 1115 930 1176 Galliarum
951 1114 1042 1190 apud
1061 1111 1165 1173 coaci-

279 1214 330 1266 laa
350 1206 473 1267 Italiac
493 1215 524 1267 cl
545 1207 693 1285 Alpium.

279 1366 480 1442 Subscriptus
507 1366 654 1427 minister
675 1368 985 1443 plenipolcnlioriue
1014 1360 1165 1427 Sanctissi·

219 1458 263 1519 mi
284 1460 387 1536 Papae
408 1461 458 1520 Pii
479 1462 543 1531 VI,
567 1460 707 1521 Dominis
723 1461 870 1520 'Garreau
891 1465 924 1520 et
951 1459 1084 1520 Saliceti
1102 1471 1165 1516 con·
1197 1438 1198 1494 ἕ

220 1552 373 1614 missariis
400 1553 570 1614 Directorii
595 1553 788 1631 Exequntivi
816 1554 895 1631 apud
922 1551 1085 1612 exercitus
1109 1545 1166 1608 Gal·

219 1646 320 1706 lorum
342 1647 374 1705 in
395 1646 491 1709 Italia
510 1650 545 1707 et
558 1646 690 1723 Alpibus
704 1645 876 1724 significat,
893 1663 925 1704 se
940 1645 1044 1723 ipsum
1059 1644 1165 1705 ndsn·
1198 1679 1199 1726 3

219 1738 365 1799 ctitatem
387 1740 481 1800 Suam
503 1739 654 1799 detulisse
686 1741 854 1818 sexaginta
874 1743 1014 1816 quatuor
1035 1735 1165 1798 articulos

219 1833 258 1892 ab
280 1832 354 1908 ipsis
374 1832 549 1910 propositos
564 1835 688 1895 adiecta
701 1834 878 1895 conditione
895 1831 1061 1891 universos
1075 1827 1166 1890 admit·

219 1926 306 1986 tendi
335 1926 386 1986 vel
408 1926 591 1987 reiiciendi:
614 1932 648 1987 et
676 1931 808 1988 eandem
837 1926 1052 1987 Sanctitatem
1078 1925 1165 1992 Suam,
1199 1949 1200 1990 1

220 2022 383 2096 postquam
415 2037 466 2078 eos
493 2020 645 2080 articulos
678 2020 898 2097 expendisset,
927 2023 962 2078 et
994 2017 1165 2078 sententian

219 2097 301 2172 sacri
315 2111 528 2173 cardinalium
536 2112 670 2191 Collegii
685 2116 840 2190 rogasset,
856 2111 1070 2172 declaravisse
1081 2123 1165 2186 neque

131 2277 132 2282 γ
218 2221 277 2280 per
296 2206 488 2280 relipioaem
507 2221 611 2282 neque
628 2222 688 2281 per
710 2208 827 2266 bonam
844 2205 940 2284 fidem
955 2203 1017 2264 sibi
1035 2203 1126 2264 licere
1137 2200 1165 2259 il·

221 2297 268 2357 los
288 2297 470 2357 admittere.

281 2389 336 2451 Uti
356 2389 438 2450 enim
460 2409 520 2450 non
536 2391 603 2451 sine
619 2391 806 2469 gravissimo
821 2390 917 2450 animi
933 2389 981 2449 sui
996 2390 1102 2450 dolore
1114 2385 1167 2446 ani·

220 2481 394 2543 madvertit
412 2484 571 2545 Sanctitas
592 2486 666 2558 Soa,
677 2489 804 2562 praeter
814 2483 984 2545 articulum
998 2481 1045 2561 (1)
1053 2483 1112 2542 iam
1122 2481 1167 2539 Pa·

282 2619 320 2674 (1)
334 2620 373 2664 lin
389 2620 512 2667 articulus
528 2633 602 2678 quem
620 2621 722 2668 Summo
737 2620 855 2667 Pontifici
871 2631 1013 2679 proponere
1033 2631 1120 2667 anunm
1138 2617 1166 2663 ori

220 2689 383 2741 &motorium
391 2696 578 2754 Exeqnntivnm
587 2695 784 2754 Reipaauieae:
798 2713 811 2736 u
823 2695 952 2742 senentes
959 2695 1012 2742 sna
1017 2689 1167 2741 mnximoau'r

223 2785 235 2808 n
247 2769 282 2817 ml
297 2768 391 2827 dolore,
409 2771 524 2829 agnoscit
539 2782 683 2818 communes
698 2771 816 2818 inimicos
825 2769 918 2819 nancta
929 2783 978 2818 sna
989 2770 1084 2818 abnam
1094 2769 1165 2822 inim·

223 2864 235 2886 n
247 2859 357 2906 suasque
373 2847 488 2907 religioni
505 2847 670 2906 subrepsisse,
689 2846 722 2894 en
737 2846 901 2906 expediendo,
914 2844 1079 2905 publicanda,
1090 2847 1115 2892 et
1125 2855 1166 2903 pru·

221 2941 234 2964 n
244 2923 363 2983 paranda
378 2926 461 2983 Ipsius
478 2924 578 2972 nomino
594 2925 721 2972 nonnnua
736 2917 1166 2983 eetn,quornnetpmn01pnaet

222 3015 237 3038 n
245 3000 328 3048 lentus
344 2998 514 3048 adversantur
528 2999 584 3046 tum
599 2999 668 3046 veris
684 2999 739 3046 elne
755 2998 948 3056 intentionibus,
958 2999 1015 3044 tnm
1031 2997 1123 3044 mutuis
1135 3005 1167 3041 nn

222 3091 235 3115 n
246 3075 345 3122 tlonnm
353 3075 460 3122 iuribus.
471 3074 537 3121 Hinc
548 3075 680 3122 Sanctitas
690 3075 742 3122 Sua
752 3074 885 3134 improbat,
893 3074 998 3122 revocat
1005 3069 1168 3120 etlrriteisoit

222 3167 235 3190 n
246 3163 333 3198 annes
350 3147 466 3197 Liltcrus
484 3147 653 3211 Apoetoliene
669 3149 717 3197 eret
730 3149 842 3212 plumbo
859 3149 900 3198 oel
917 3147 949 3196 ip
962 3146 1062 3212 foma
1077 3142 1168 3202 uret,

222 3243 235 3266 n
246 3223 381 3287 sumpto,
393 3225 436 3273 ccl
451 3223 581 3274 mandatu
596 3222 752 3287 apostolica,
769 3223 873 3273 litterae
889 3221 1039 3285 encyclicae
1052 3223 1096 3270 uel
1105 3218 1167 3276 ain,

222 3317 235 3340 n
245 3297 399 3361 monitorio,
415 3298 606 3349 instructiones
619 3299 779 3361 postorales,
793 3306 818 3348 ct
831 3296 979 3360 pepererim
996 3296 1167 3360 quodcumque

221 3395 234 3418 n
245 3374 373 3439 scriptam
389 3377 431 3426 ocl
448 3383 545 3437 actam,
558 3374 633 3439 qaod
643 3373 778 3439 prodierit
795 3375 827 3423 ol
845 3373 1009 3424 auctoritato
1026 3371 1167 3430 aceiae

220 3470 232 3493 n
244 3463 261 3498 o
277 3448 398 3514 quolibet
413 3450 575 3501 auctoritate
591 3449 655 3500 taio
670 3449 788 3499 subiecto
804 3449 876 3498 circo
892 3447 1005 3510 capolia
1027 3447 1167 3498 Gelliam

222 3546 234 3570 n
247 3527 280 3577 cl
290 3521 1165 3590 cunollttmpacudproeucalemdiemmVid.snp.p.2841nrot
