2430 4202
219 301 297 346 nera
317 279 550 358 obrepentibus.
565 283 589 340 Ι.
602 281 697 340 238.-
708 279 952 340 Revocatlonem
973 277 1189 339 Nannetensis

218 376 318 438 edicti
329 375 493 452 approbat,
507 378 540 433 et
554 377 665 435 contra
680 374 881 434 tolerantiam
898 373 1065 433 declamat.
1074 374 1101 432 Ι.
1114 373 1188 432 239.

219 472 365 532 -1166166
390 471 439 528 661
462 469 655 528 damnandae
676 467 796 544 Synodi
818 465 1064 527 Ultraiectensis
1085 465 1120 524 in
1142 483 1191 525 co·

221 563 323 625 mitiis
345 561 445 635 cleri3
468 562 732 624 Ultraiectensem
753 561 926 622 Ecclesiam
955 558 1190 621 schismaticam

222 657 385 730 declarat3
411 660 445 715 61
471 655 610 715 ostendit
638 655 719 715 bona
743 657 806 715 Deo
834 657 1019 714 consecrata
1048 653 1189 715 maxima

220 768 298 811 cura
312 771 330 814 a
344 751 428 812 clero
443 751 667 811 conservanda.
682 749 760 811 ibid.
776 735 811 810 'et
826 767 913 826 seq.-
924 751 1077 809 Mutatur
1091 750 1185 808 hono-

222 845 309 906 ribus
331 843 446 904 saeculi
471 843 604 921 adeptis.
621 845 646 904 Ι.
661 843 732 904 240.
749 876 763 888 -
776 845 820 904 Eo
846 841 998 920 primario
1020 842 1180 914 ministro,

221 940 420 1000 Nannetense
432 936 569 997 edietum
584 936 832 1014 redintegratur,
847 939 880 996 et
890 937 1023 1012 paratur
1037 953 1181 1013 praesens

220 1032 312 1110 regni
334 1031 457 1092 Galliae
479 1031 654 1092 subversio.
671 1033 696 1091 Ι.
711 1032 784 1104 241,
799 1032 871 1103 243,
885 1033 957 1092 244.
970 1063 987 1075 -
1001 1030 1184 1090 666616616-

174 1191 182 1209 „
220 1128 288 1206 tum
317 1125 417 1186 ambit
438 1129 470 1186 et
491 1126 623 1186 obtinet.
639 1127 665 1184 Ι.
681 1126 780 1186 242-
793 1125 930 1185 Simulat
951 1142 982 1184 se
1005 1125 1084 1184 Sedi
1108 1126 1185 1200 Apo·

219 1218 349 1279 stolicae
364 1221 533 1281 addictum.
544 1219 622 1281 ibid.
632 1221 761 1280 ·Mense
773 1218 890 1279 Martio
907 1217 987 1280 1790
1001 1219 1108 1296 palam
1124 1219 1188 1278 166-

221 1312 390 1373 datrerum
404 1313 656 1374 immutationem
671 1313 704 1373 in
719 1313 835 1386 (tallia3
851 1316 1002 1372 otmense
1015 1311 1186 1374 Novembri

219 1406 364 1482 sequenti
374 1405 483 1466 dolose
499 1407 610 1466 scribit
624 1407 662 1468 ad
677 1408 838 1466 Summum
860 1405 1064 1479 Pontificem,
1079 1422 1136 1483 per
1147 1404 1186 1462 ci·

220 1498 317 1560 vilem
332 1499 598 1560 constitutionem
620 1499 699 1559 cleri
720 1499 826 1577 parari
847 1499 968 1560 aditum
990 1499 1031 1558 ad
1055 1499 1177 1558 schisma

219 1596 254 1653 61
274 1593 621 1673 presbyterianismum.
638 1596 664 1655 Ι.
680 1594 750 1656 243.
764 1625 788 1638 --
802 1594 937 1654 Subdole
962 1594 1118 1654 describit
1127 1593 1178 1652 Ec·

219 1687 335 1748 clasiae
357 1688 537 1750 Gallicanae
558 1688 661 1760 mala,
685 1691 722 1747 ut
743 1692 872 1749 excuset
894 1687 1064 1748 consilium
1086 1705 1182 1748 snsce-

221 1785 309 1860 ptum
335 1783 374 1842 de
397 1783 532 1860 tempori
556 1786 647 1844 caute
676 1783 865 1856 serviendo,
891 1788 924 1844 et
948 1782 1179 1844 Constitutione

221 1878 428 1953 exsequenda.
446 1876 523 1937 lbid.
545 1879 578 1935 et
600 1895 663 1954 seq.
679 1906 699 1920 -
715 1876 852 1936 Simulat
873 1895 905 1935 66
927 1895 987 1936 666
1016 1894 1109 1953 posse
1134 1892 1183 1934 re-

219 1968 715 2044 sponsionemSummiPontiflcis
729 1969 1026 2047 exspectare.i.245.
1043 2000 1064 2013 ·
1074 1969 1184 2029 Sacra·

221 2065 361 2123 mantum
377 2059 513 2120 civicum
534 2063 667 2123 cmitt't.
685 2063 763 2124 Ibid.
774 2095 791 2108 -
802 2063 924 2130 Quanto
945 2079 1020 2123 suae
1035 2062 1180 2121 dioecesis

222 2156 345 2215 damno.
359 2157 384 2216 Ι.
398 2157 497 2217 247-
508 2155 601 2218 Illum
616 2173 672 2232 pro
687 2174 813 2218 assensu
835 2156 932 2216 animi
954 2173 1014 2214 non
1037 2173 1106 2216 6666
1127 2157 1177 2216 ha·

221 2250 355 2310 bendum
377 2250 530 2310 declarat.
541 2252 565 2310 1.
579 2250 631 2324 56,
648 2250 718 2324 145,
733 2251 804 2310 246.
817 2254 870 2310 -Α
885 2252 1012 2310 Summo
1027 2249 1177 2310 Pontifice
1213 2295 1214 2312 .

221 2361 279 2422 per
292 2345 456 2421 epistolam
472 2343 725 2422 reprehenditur.
736 2345 760 2404 1.
772 2344 811 2404 55
823 2349 856 2404 61
867 2363 931 2422 seq.
945 2329 1016 2419 147,
1026 2345 1100 2418 246,
1109 2345 1176 2416 247,
1213 2317 1214 2355 ¹

117 2513 120 2524 Ι
222 2437 283 2498 248
297 2441 330 2496 61
343 2437 695 2514 sequ-cardinalatum
718 2438 866 2512 dimittit,
883 2457 975 2516 aquo
997 2457 1029 2500 se
1052 2435 1176 2498 destitui

222 2529 367 2591 timebat.
391 2532 415 2590 1.
437 2532 508 2592 249.
522 2562 538 2575 -
554 2532 669 2598 Variae
697 2530 764 2590 eius
792 2531 1019 2593 simulationes.
1036 2534 1061 2593 Ι.
1077 2530 1142 2592 256.
1155 2559 1177 2573 -
1212 2585 1213 2613 ,

221 2623 396 2686 6666166666
416 2624 489 2683 6166
514 2624 659 2686 admittit
683 2626 829 2684 Summus
850 2627 1009 2687 Pontifex.
1026 2627 1052 2686 Ι.
1068 2625 1127 2685 254
1145 2627 1178 2684 61
1212 2620 1213 2637 ’

222 2720 403 2797 sep-Pars
418 2717 569 2778 dioecesis
583 2719 772 2779 Senonensis
790 2720 829 2780 ab
851 2738 886 2780 eo
909 2720 1085 2797 repudiata,
1102 2736 1180 2779 com·

223 2812 366 2874 mittitur
387 2812 628 2890 Archiepiscopo
648 2814 862 2892 Lugdunensi.
879 2817 904 2875 Ι.
920 2814 992 2874 225.
1004 2845 1024 2859 -
1038 2814 1178 2873 Secunda

221 2911 256 2967 et
280 2905 378 2967 tertia
398 2905 528 2965 monitio
549 2906 697 2966 canonica
721 2908 872 2968 adversus
892 2925 963 2967 cum
984 2909 1017 2966 et
1037 2908 1075 2968 1⁴¹.
1100 2910 1181 2970 Mar·

221 3001 338 3061 cellum
358 3000 426 3060 eius
447 3001 670 3062 coadiutorem.
688 3004 712 3062 Ι.
729 3002 801 3077 276,
816 3003 887 3063 277.

283 3095 409 3171 Septem
431 3096 643 3155 Decennarum
658 3095 787 3155 Patriae
807 3095 952 3156 Valesiae
964 3096 1127 3157 Baiulivus
1144 3102 1177 3158 61

220 3187 372 3249 Oratores
387 3187 532 3265 profugos
547 3205 565 3247 a
579 3187 734 3249 Sabaudia
748 3188 977 3274 ecclesiasticos
992 3189 1174 3267 suscipiunt.

222 3281 263 3340 Π.
280 3282 460 3450 &pulueris
476 3375 551 3456 (de),
568 3393 623 3453 pro
637 3376 749 3454 quibus
761 3377 815 3436 lex
830 3375 935 3437 civilis
950 3376 1108 3437 intrusum
1120 3378 1172 3436 Pa·

133 3481 136 3488 ’
222 3466 350 3528 rochum
370 3470 545 3530 adeundum
568 3471 747 3531 mandabat.
764 3471 789 3530 Ι.
807 3471 878 3532 231.
