2430 4202
583 275 586 288 ’
618 299 655 324 .-
677 266 737 326 276
758 299 796 312 -

230 377 269 440 ad
280 371 473 436 Florentiam
485 372 646 449 pervenit3
658 375 692 433 et
702 383 791 432 suero
802 371 939 450 quidem,
951 373 1002 432 sed
1014 375 1050 434 ad
1060 389 1159 432 omnen

230 468 452 533 austeritatem
472 465 622 526 instituto
644 464 867 543 aptissimeque
894 469 1008 529 natura
1028 485 1078 526 suu
1094 468 1159 537 loeo,

137 567 138 570 ’
230 567 349 624 semoto
369 560 414 621 ab,
428 559 512 622 Urbe
533 559 813 621 carthusianorum
832 560 1023 621 monasterio
1043 559 1159 636 ponitur.

229 656 275 720 Ibi
290 655 363 736 quid
378 671 439 713 non
454 654 612 713 tentatum
627 654 687 723 est,
702 654 739 710 ut
758 653 885 712 undem
905 652 1091 712 morereturl
1102 652 1161 718 Quis

230 755 316 815 dieat
336 754 370 812 et
389 748 524 827 quoties,
547 752 581 808 et
601 766 662 825 qna
681 747 813 808 ienitate
834 751 991 810 marinum
1012 753 1081 824 iter,
1100 753 1128 808 et
1138 747 1161 806 in

230 844 409 910 Sardiniam
424 842 600 920 deportatio
613 842 704 905 Illius
718 843 848 904 auribus
862 844 1051 919 insonuerit,
1064 845 1163 903 frustra

229 941 409 1003 iurantibus
430 936 777 1009 medicis,.Pentifieem
798 955 859 996 non
882 956 950 999 esse
972 936 1134 1000 tolerandot

248 1087 251 1095 .
290 1036 335 1095 At
354 1032 405 1093 illi
431 1030 555 1092 etiamsi
580 1030 714 1090 fortasse
743 1029 866 1090 nollent
886 1035 920 1091 et
950 1031 1036 1092 aliud
1057 1031 1162 1090 obtento

230 1129 431 1208 quaererent,
453 1127 512 1184 hoe
533 1123 635 1200 magis
654 1123 788 1196 instare,
810 1123 919 1198 irasci,
943 1142 1070 1202 urgere:
1091 1119 1162 1180 minis

230 1222 341 1284 saltem
362 1222 396 1279 et
416 1219 485 1296 ipsa
504 1217 639 1295 periculi
660 1217 805 1294 opinione
825 1217 1016 1278 Pontifloem
1036 1215 1163 1276 interitu·

229 1333 311 1378 rom.
325 1315 409 1380 Quae
430 1329 500 1389 spes
521 1311 593 1370 dum
614 1309 716 1382 fallit,
733 1328 848 1371 novum
871 1311 1026 1371 tormenti
1046 1307 1163 1387 genuset

230 1409 355 1471 crudele
377 1405 552 1484 quaeritur.
569 1405 649 1464 Erat
669 1404 701 1463 in
723 1405 838 1464 misero
859 1405 969 1464 miseri
985 1404 1074 1466 Senis
1092 1399 1163 1460 eoni-

230 1506 301 1564 tatu
322 1498 527 1560 suavissimus
540 1498 656 1573 Nepos,
674 1497 702 1557 ie
723 1515 814 1574 quem
835 1515 896 1557 nou
919 1502 985 1558 tam
1008 1495 1162 1575 praedones,

229 1597 283 1674 qui
311 1593 391 1654 nihil
419 1591 635 1669 reliquerunt,
657 1609 748 1667 quam
778 1591 964 1652 teterrimae
993 1590 1163 1650 inimieorum

229 1687 403 1752 calumniae
425 1685 632 1762 depopulatae
646 1688 730 1744 sunt.
747 1685 827 1744 Nam
843 1686 902 1755 Tu,
918 1685 1091 1746 Romualde
1108 1683 1162 1742 car

229 1776 623 1852 dinalisEminentissime,
639 1777 739 1854 quiin
761 1777 818 1835 hoe
839 1778 1064 1855 augustissimo
1083 1780 1164 1837 terra

228 1892 299 1936 rum
322 1872 407 1933 orbis
428 1872 546 1932 Senatu
569 1875 634 1931 tam
656 1869 748 1946 digne
775 1871 883 1944 sedes,
906 1875 942 1932 nt
961 1871 1163 1932 iucundissimo

228 1971 396 2043 conspeetu
411 1967 466 2025 tuo
479 1982 584 2025 easnm
598 1961 762 2023 Pontifieis
783 1979 973 2041 magnopere
995 1965 1130 2033 solemur,
1141 1961 1165 2018 et

228 2077 318 2138 quem
346 2057 512 2120 Pontifieis
537 2055 717 2116 sollicitudo
746 2057 783 2115 de
812 2055 945 2133 imperio
973 2062 1009 2118 et
1036 2055 1164 2132 religione

227 2152 392 2231 Neapolim
412 2150 563 2223 miserat;
583 2149 746 2227 impeditis
772 2150 869 2210 effuso
891 2154 959 2212 tota
981 2151 1078 2212 ltalia
1095 2164 1166 2227 prae·

228 2248 306 2306 done
318 2245 498 2318 itineribus,
511 2243 660 2304 morienti
675 2241 814 2320 quotidie
828 2243 990 2303 biennium
1012 2243 1086 2304 Seni
1098 2238 1165 2301 nollo

228 2355 374 2414 umquam
394 2341 500 2399 adesse
522 2340 663 2414 tempore
685 2335 829 2414 potuisti.
851 2337 935 2414 Ergo
956 2338 1110 2408 alterum,
1127 2329 1166 2409 qui

226 2429 350 2490 labanti
371 2430 445 2490 Seni
465 2429 661 2491 laerimabile
682 2429 819 2506 quidem,
837 2429 889 2490 sed
908 2433 981 2490 erat
995 2433 1097 2492 tamen
1116 2425 1166 2486 nni·

227 2540 298 2583 eum
319 2522 481 2597 solatium,
496 2525 586 2585 abeo
606 2523 750 2584 inaudita
763 2521 994 2585 inhumanitate
1016 2523 1165 2590 divellunt,

227 2617 371 2696 pellunt,
397 2614 548 2677 eiieiunt:
572 2618 598 2678 si
619 2617 701 2676 forte
729 2616 870 2678 invictus
890 2619 1013 2679 animus
1034 2623 1069 2679 et
1087 2615 1165 2676 adhue

227 2710 364 2771 nullane
385 2712 422 2771 de
443 2729 498 2771 suo
513 2712 599 2772 statu
621 2711 772 2784 deiectus,
790 2712 915 2786 tandem
929 2713 1095 2772 amissione
1113 2707 1167 2767 ille-

226 2822 296 2866 rum
318 2821 395 2883 quos
416 2822 507 2864 euros
528 2807 561 2864 et
581 2805 740 2883 proximos
761 2805 894 2879 habeat,
923 2805 1055 2883 ipsaque
1075 2802 1166 2865 solitu·

226 2899 297 2958 dine
317 2898 437 2958 fruetus
459 2901 492 2958 et
512 2914 653 2958 moerore
675 2898 834 2960 confectus
854 2898 1022 2976 aliquando
1045 2893 1166 2958 eeneidat

225 2995 259 3054 et
278 2992 431 3064 discedat.
449 2991 508 3059 Qui
529 3009 617 3052 eaeus
637 2991 703 3050 utri
724 2991 867 3051 acerbior
887 2996 921 3052 et
943 2991 1083 3065 tristior,
1107 2983 1165 3048 Seni

102 3097 104 3100 ’
226 3107 275 3162 ne,
288 3108 327 3149 an
342 3088 458 3166 Nepoti
473 3087 582 3182 fuerit,
598 3105 710 3165 anceps
724 3087 797 3147 fuit:
821 3087 882 3146 nisi
903 3088 985 3164 quod
999 3087 1081 3147 vicit
1094 3081 1166 3144 Senis

225 3183 404 3244 constantia
416 3183 546 3261 Nepotis
567 3181 730 3259 pietatem.
746 3182 915 3259 Postquam
930 3181 1009 3242 satie
1029 3181 1082 3240 diu
1102 3192 1168 3236 eom·

225 3279 382 3337 moretum
404 3279 442 3337 ad
463 3273 658 3336 Florentiam
684 3275 751 3347 est,
774 3291 830 3332 nee
856 3273 1015 3352 piissimus
1035 3268 1166 3333 Pontifex

226 3369 390 3430 tolerando
401 3369 635 3447 defatigabatur
649 3371 705 3428 aut
718 3367 883 3440 interibat,
898 3385 992 3444 seque
1005 3367 1071 3444 ipse
1085 3361 1167 3423 maior

225 3459 375 3539 quidquid
397 3466 466 3523 erat
487 3461 618 3540 spiritus
633 3464 666 3522 et
680 3461 767 3521 vitae
782 3462 813 3521 id
828 3479 917 3520 omne
933 3459 964 3518 in
981 3459 1084 3538 gregis
1097 3469 1166 3516 eom·

224 3557 317 3619 moda
338 3558 371 3615 et
392 3555 551 3618 utilitates
577 3553 790 3616 amantissime
817 3553 999 3614 conferebat
1025 3569 1059 3613 ae
1087 3560 1166 3626 poem
