2424 4196
222 311 339 385 ximus,
361 312 510 391 sineque
531 314 612 375 nihil
634 320 682 377 est
703 317 856 391 validum,
874 316 954 377 nihil
969 323 1019 377 est
1033 320 1172 388 sanctum,

223 405 270 465 ita
291 405 484 482 multiplicet
503 427 597 486 super
617 410 743 471 Fideles
759 415 831 471 tuae
842 411 995 470 dioecesis
1007 411 1175 472 misericor·

224 499 307 560 diam
329 516 428 573 suam,
453 505 490 562 ut
509 504 639 565 caelesti
660 504 760 581 ipsius
782 505 887 583 gratia
909 505 1012 566 adiuti
1031 507 1175 566 declinent

224 594 347 653 amalo
367 597 401 655 ct
421 596 539 658 faciant
559 599 684 659 bonnm.
714 600 846 676 Tibique
873 603 940 663 Nos
961 605 1078 678 tuoque
1101 600 1174 678 gregi

224 688 437 764 Apostolioem
463 693 714 753 Benedictionem
744 699 947 771 peramanter
974 696 1172 773 impertimur.

304 784 419 843 Datum
440 786 566 844 Romae·
579 787 630 844 die
651 788 666 846 I
687 788 831 848 Octobris
845 789 1066 862 MDOOXOIV,
1080 788 1174 849 Ponti·

224 872 336 934 ficetus
357 877 467 938 Nostri
488 896 570 938 anno
591 881 664 940 XX.

642 1034 766 1090 ux.

518 1153 647 1197 nunncro
668 1155 749 1196 simo
770 1155 894 1198 nosrno

265 1294 410 1357 ΙΟᾸΝΝΙ
423 1300 605 1360 HENRICO
625 1301 656 1360 S.
668 1303 708 1360 R.
719 1302 756 1359 ll.
770 1302 1049 1364 PRESBYTERO
1070 1305 1169 1364 CARI).

525 1394 553 1452 A
574 1393 888 1454 FRANKENBERG

458 1553 708 1631 Arebiepr'scepo
730 1555 962 1616 Mceblinienei

458 1715 620 1795 PIUS
664 1717 843 1794 PAPA
888 1719 955 1795 VI.

271 1903 407 1963 Dilecta
427 1907 497 1964 rili
522 1909 661 1978 Noster,
676 1909 831 1967 Salutem
850 1911 887 1966 et
906 1908 1141 1977 apostonoem
1199 1901 1201 1958 l

559 2005 855 2062 Benedictlonem.
1197 2015 1201 2099 J

1197 2103 1202 2155 l

163 2245 172 2264 ,
286 2182 354 2242 Etsi
371 2183 506 2258 plurimo
521 2184 617 2244 animi
630 2187 742 2247 Nostri
755 2202 897 2244 moerore
911 2186 1016 2246 affecti
1027 2185 1171 2254 fuerimus,
1197 2168 1200 2177 ¹

227 2293 296 2336 cum
319 2276 453 2352 primum
476 2279 669 2338 audissemus
690 2278 853 2338 Gallorum
869 2278 1062 2355 irruptiones
1076 2280 1107 2338 in
1120 2296 1172 2356 pro·

227 2369 347 2429 vincias
367 2370 522 2444 Belgicae,
537 2390 577 2432 ex
592 2373 657 2432 tuis
678 2377 781 2433 tamen
803 2372 925 2432 litteris
945 2392 1006 2432 non
1026 2375 1126 2434 solum
1138 2389 1172 2432 re·

227 2469 377 2524 novatum
389 2464 421 2522 in
433 2464 530 2526 Nobis
541 2467 691 2528 sensimus
702 2468 841 2526 dolorem
852 2468 1017 2539 Nostrum,
1030 2470 1084 2528 sed
1097 2467 1173 2526 meio·

228 2573 295 2618 rem
317 2557 413 2616 etiam
435 2557 467 2616 in
489 2561 613 2620 modum
640 2559 877 2636 amplificatum.
901 2561 947 2619 Ee
974 2561 1059 2620 enim
1082 2558 1172 2620 scribis

228 2651 266 2709 de
287 2653 396 2709 vestra
423 2651 455 2710 in
483 2655 632 2712 externas
659 2652 802 2731 regiones
823 2653 915 2730 fuga,
937 2655 975 2712 de
994 2655 1134 2714 adductis
1148 2651 1170 2706 iu

228 2742 365 2804 Galliam
385 2742 470 2803 inter
490 2750 613 2804 ceteros
634 2746 715 2806 clari
737 2745 869 2806 nominis
898 2745 1130 2816 sacerdotibus,
1146 2743 1170 2799 du

228 2839 371 2916 spolietis
386 2839 512 2915 templis
526 2839 707 2916 erectisque
718 2841 879 2902 Lutetiam
894 2841 1043 2918 pretiosis
1056 2837 1173 2905 exuviis

228 2933 428 3010 peiorumque
442 2933 539 2992 etiam
554 2932 585 2993 in
600 2932 773 2993 Ecclesiam
792 2934 1024 3010 catholicosque
1038 2935 1170 2994 melorum

227 3027 418 3090 instantibus
434 3026 600 3104 perieulis:
618 3045 696 3103 quae
711 3027 815 3088 omnia
825 3030 890 3089 Nos
903 3027 987 3087 inter
999 3027 1138 3088 lacrimas
1148 3026 1171 3078 el

228 3122 363 3198 suspiria
374 3121 481 3181 diviua
492 3121 624 3180 adorare
640 3120 781 3191 consilia,
797 3121 894 3198 iisque
910 3122 1049 3180 animum
1063 3116 1171 3180 submit·
1201 3171 1202 3186 ,

181 3269 184 3276 .
229 3220 309 3289 tere,
332 3233 454 3292 unaque
475 3215 698 3275 intensissimis
716 3215 909 3292 assiduisque
925 3212 1170 3280 obsecrationibus

229 3310 474 3386 omnipotentem
495 3308 570 3368 Eius
592 3308 839 3368 misericordiam
868 3308 1059 3385 implorare,
1087 3307 1170 3379 singu·

229 3404 335 3464 lenter
349 3406 589 3463 admonuerunt.
604 3403 714 3465 Nihilo
729 3409 833 3464 tamen
856 3404 958 3462 minus
972 3420 1041 3462 cum
1059 3403 1111 3460 hor
1122 3397 1169 3458 Nu-
1201 3479 1202 3482 Ἴ

230 3501 295 3560 stro
317 3496 407 3557 lllius
428 3515 580 3574 supernae
604 3497 779 3558 voluntatis
803 3497 950 3573 obsequio
976 3492 1169 3572 coniungimur
1201 3485 1202 3492 '
