2424 4196
22 317 107 377 motis
128 319 358 380 contendatur.
381 317 514 380 Interim
545 320 617 379 dnm
646 333 816 390 summam,
846 317 990 395 singula·

24 429 141 488 remque
173 412 249 472 'l'ibi
280 411 430 472 habemus
458 430 515 489 pro
536 414 593 473 hoc
614 414 682 473 Tuo
702 411 838 472 eximiae
859 411 988 489 pietatis

23 506 114 566 studio
138 506 294 583 gratiam,
317 508 374 566 hoc
395 507 497 584 ipsum
519 507 653 568 officium
673 508 826 568 Nostrum
847 507 989 566 cumula-

22 619 79 660 mus
99 601 292 678 Apostolicu
312 603 547 676 Benedictione‚
569 620 661 679 qnam
691 601 815 662 divinae
843 600 989 678 benigni·

20 695 87 754 tatis
108 695 286 772 auspicem,
308 696 393 769 Tibi,
416 696 620 757 dilectissime
641 696 674 755 in
696 696 822 756 Christo
839 695 905 755 Fili
926 695 990 756 No-

17 792 89 862 ster,
98 789 132 849 in
146 793 303 867 paternae
318 791 412 852 etiam
428 791 678 863 benevolentiae,
692 795 880 867 mutuaeque
902 789 988 850 iuter

16 889 74 948 Nos
94 887 334 947 coniunctionis
355 887 469 964 pignus
489 886 703 949 amentissime
725 887 935 963 impertimur.

69 983 191 1042 Datum
203 983 322 1042 Romae
333 984 393 1040 etc.
404 981 454 1040 die
467 983 527 1042 ΧΠ
541 980 663 1058 Aprilis
677 979 989 1052 Moosxc1v,Pon·

17 1074 155 1135 tilicatus
170 1075 282 1136 Nostri
303 1092 384 1137 auno
405 1075 477 1134 XX.

425 1295 428 1300 .
448 1240 567 1297 xxv.

336 1359 531 1406 vnnrnnmm
551 1360 674 1404 raarrr

372 1505 400 1564 A
415 1506 443 1566 U
456 1506 483 1566 G
498 1505 526 1566 U
539 1503 561 1563 S
576 1505 601 1563 T
616 1505 642 1562 0

267 1733 270 1739 ¹
340 1663 498 1740 Episcopo
518 1663 667 1742 Spirensi

197 1825 398 1907 PIUS
463 1825 682 1904 PAPA
736 1825 803 1903 Vl.

134 2019 225 2076 ven.
239 2019 382 2088 Frater,
397 2019 550 2076 Salutem
572 2023 607 2076 et
619 2016 857 2088 Apostolloem

347 2112 643 2204 Benedictioncm.

72 2291 123 2348 Ex
145 2287 269 2348 litteris
284 2287 373 2360 Tuis,
390 2289 469 2347 Ven.
485 2289 601 2347 Frater
614 2288 665 2348 die
680 2287 781 2346 tertia
793 2284 885 2346 huius
900 2301 985 2346 men·

19 2381 58 2440 sis
79 2381 178 2453 datis,
202 2385 296 2458 etque
318 2399 357 2440 ex
381 2381 500 2440 incluso
522 2379 696 2440 Protooolli
719 2379 808 2439 Folio
824 2379 986 2438 intellexi·

19 2493 95 2546 mus,
117 2474 222 2552 qualis
244 2491 312 2532 esse
335 2479 447 2551 pergat
469 2475 555 2532 Tuae
580 2471 736 2549 Spirensis
751 2471 899 2530 dioecesis
921 2475 985 2533 sta-

21 2571 67 2626 tus
89 2566 264 2644 (quantum
287 2565 410 2625 scilicet
431 2583 449 2624 a
471 2563 632 2642 Religioso
646 2564 735 2636 Viro,
752 2564 873 2642 fldequ'e
887 2565 983 2642 digno

20 2661 159 2732 Racder,
187 2660 241 2736 qui
263 2659 379 2718 ibidem
402 2658 509 2736 aliquo
531 2662 672 2735 tempore
695 2658 726 2716 iu
749 2677 806 2718 sua
831 2658 987 2717 Paroohia

23 2753 174 2826 substitit,
197 2770 385 2830 cognoscere
407 2751 573 2828 potuisti),
596 2743 674 2828 quae
696 2753 797 2811 adhuc
819 2753 857 2810 ab
879 2750 984 2826 impiis

26 2845 181 2906 Gallorum
204 2847 302 2924 copiis
321 2845 479 2922 occupari,
495 2864 531 2906 uc
546 2845 669 2922 vereri,
687 2845 908 2921 profanarique
925 2859 982 2900 nou

25 2938 144 3000 desinit.
176 2939 220 2999 Iis
243 2939 392 3016 perlectis
415 2942 603 2998 renovatum
626 2938 657 2996 in
684 2938 782 2999 Nobis
812 2936 983 3007 sensimus,

24 3049 107 3106 quem
135 3033 272 3110 primum
302 3032 500 3108 percepimus
528 3032 699 3090 maximum
728 3030 892 3103 dolorem3
913 3045 984 3088 cum

23 3126 135 3201 templa
156 3126 296 3202 direpte,
319 3141 412 3184 sacra
432 3126 537 3185 omnia
557 3124 711 3202 dispersa,
730 3123 840 3195 irrisa,
863 3122 988 3182 conoul·

25 3224 91 3278 cata
110 3220 300 3279 videremus.
984 3213 986 3218 ’

79 3314 144 3373 Non
167 3313 274 3374 deluit
290 3294 410 3385 tamen,
426 3313 506 3389 quod
528 3311 561 3370 ia
584 3315 675 3372 tanto
689 3326 832 3371 moerore
846 3313 913 3374 Nos
926 3311 987 3372 ali-

24 3420 82 3478 qua
101 3405 322 3467 consolationis
344 3423 397 3483 spe
419 3405 642 3482 perfunderet,
672 3407 750 3481 quod
781 3421 891 3484 nempe
911 3409 985 3465 ante

23 3498 185 3560 adveutum
207 3498 306 3562 etiem
328 3499 428 3577 ipsius
450 3500 603 3574 Roeder„
617 3499 768 3576 vulgatus
790 3499 856 3560 late
877 3515 986 3562 rumor
