2426 4192
241 341 296 386 rae
311 321 470 384 Ecclesiae
484 319 668 394 consulere,
684 321 845 395 venerari,
865 321 958 400 eique
980 323 1124 384 radicitus
1139 325 1179 384 ad·

242 419 385 478 haerere.

301 509 379 570 Alta
400 525 473 566 sane
494 509 528 567 et
549 504 880 584 incomprehensibilia
902 511 977 568 sunt
1002 508 1113 570 indicia
1129 510 1177 582 hei,

241 605 277 664 at
296 601 419 662 veritas
438 601 506 661 eius
527 604 634 661 manet
654 601 687 660 in
710 604 887 662 aeternnm.
905 603 1014 662 Stabit
1027 621 1112 681 ergo,
1124 605 1179 662 Rea·

241 695 363 758 tissime
384 697 495 768 Pater,
518 696 587 756 Tua
607 694 831 755 indefectibilis
853 695 1024 770 cathedre,
1045 701 1079 757 et
1097 699 1137 756 Tu
1152 683 1197 773 er}

242 790 398 852 altissimo
417 789 476 850 illo
497 790 610 867 gradu,
626 791 675 849 tot
695 788 782 848 inter
802 805 910 848 rernm
932 790 1132 852 humanarum
1147 788 1180 845 vi·

243 882 467 957 cissitndines,
490 883 553 942 eris
575 882 724 942 universo
746 882 816 941 orbi
842 883 1056 958 spectaculum
1083 884 1179 960 ingens,

243 979 345 1040 forma
358 977 477 1056 gregis,
493 975 658 1053 apostolici
671 974 791 1053 vigoris
811 993 935 1051 norma,
958 980 992 1037 et
1012 977 1133 1038 cuilibet
1144 977 1180 1034 ho

243 1070 322 1132 mini
343 1069 518 1131 christiano
531 1069 603 1128 fldei
625 1072 659 1129 et
679 1069 876 1130 constantiae
889 1071 1095 1131 memorabile
1114 1068 1180 1130 sind

244 1167 279 1224 et
299 1163 407 1224 efficax
427 1163 617 1239 exemplum.
632 1163 697 1222 Hac
710 1160 788 1222 freti
802 1179 868 1239 spe,
884 1163 943 1221 hoc
957 1163 1074 1223 mentis
1092 1162 1179 1222 affatu

243 1257 309 1319 tuis
330 1256 419 1318 affusi
447 1255 577 1334 genibus
604 1255 808 1334 apostolicam
836 1257 1085 1319 benedictionem
1113 1256 1179 1316 enixe

245 1368 404 1430 rogamus.

304 1442 494 1504 Sanctitetis
515 1445 649 1504 Vestrae

405 1531 607 1597 Devotissimi
628 1539 661 1596 et
680 1535 953 1613 obsequentissimi
969 1536 1051 1618 Filii

283 1630 529 1707 Arcbiepiseopi
553 1637 584 1690 et
608 1629 763 1707 Episcopi
788 1629 959 1690 Gallicani
980 1633 1020 1690 ia
1042 1631 1155 1707 Anglic

408 1742 497 1784 acac
514 1741 576 1799 pro
601 1725 684 1784 Fide
705 1733 736 1785 et
758 1724 845 1801 Repe
861 1727 1046 1784 osculantes.

306 1819 468 1879 Arthurns
488 1817 666 1878 Richardus
687 1817 880 1895 Archiepisc.
896 1816 1116 1878 Narbonensis.

306 1912 437 1971 loannes
457 1929 477 1971 a
497 1913 560 1970 Deo
575 1913 780 1989 Raymundus
795 1911 989 1988 Archiepisc.
1004 1909 1154 1987 Aquensis.

305 2005 483 2064 Ludovicus
504 2005 690 2065 Franciscus
712 2005 814 2082 Episc.
830 2003 1065 2065 Atrebatensis.

305 2100 451 2176 Iosephus
477 2098 662 2159 Franciscus
683 2098 788 2175 Episc.
807 2094 1153 2172 Montispessulanensis.

306 2195 435 2256 Ioannes
456 2191 641 2252 Franciscus
661 2193 764 2268 Episc.
780 2189 961 2251 Leonensis.

305 2286 489 2348 Emmanuel
511 2285 648 2347 Aleisius
669 2286 770 2363 Episc.
785 2285 1049 2350 Petrocoriensis.

306 2382 422 2440 Petrus
442 2379 638 2459 Augustinus
659 2380 762 2456 Episc.
779 2379 994 2440 Abrincensis.

305 2472 460 2534 Henricus
480 2473 669 2534 Benedictus
690 2473 795 2552 Episc.
812 2473 998 2534 Usetiensis.

306 2565 501 2642 Augustinus
522 2568 662 2626 Renatus
683 2566 786 2643 Episc.
802 2565 1017 2627 Trecorensis.

196 2665 205 2686 '
308 2656 457 2735 Segeleus
478 2658 581 2737 Episc.
600 2659 822 2721 Ruthenensis.

307 2751 436 2811 Carolus
455 2751 629 2829 Eutropius
649 2752 752 2830 Episc.
768 2752 999 2826 Nannetensis.¹

307 2844 471 2923 Philippus
492 2845 678 2907 Franciscus
698 2846 800 2923 Episc.
818 2846 1073 2925 Engclismensis.

306 2938 462 2998 Antonius
483 2939 671 2999 Eustachius
691 2939 794 3017 Episc.
810 2941 1041 3002 Convenarum.

306 3031 484 3094 Ludovicus
505 3031 644 3094 Mathias
664 3033 766 3112 Episc.
784 3035 960 3096 Trecensis.

661 3351 794 3362 ..ι-ι..-
