2488 4204
264 369 370 449 ptione
384 367 513 428 maioris
528 369 628 428 solum
649 367 789 442 assistat,
807 370 901 430 valor
915 369 1030 430 dubius
1044 371 1155 430 saltem
1168 371 1208 427 est:

265 480 361 542 quare
377 463 452 521 hoec
465 461 678 533 matrimonia,
698 465 794 537 prout
807 462 838 520 in
856 461 1015 521 similibus
1027 462 1152 522 casibus
1161 458 1210 520 fieri

265 559 360 630 solet,
383 573 488 617 coram
502 555 659 633 aliquibus
674 556 809 616 testibus
826 556 922 616 etiam
944 557 1097 633 privatim
1113 576 1133 617 a
1147 555 1211 616 robis

265 669 322 729 pro
344 650 481 723 cautela,
507 649 610 709 valori
626 651 753 710 restitui
777 652 922 728 possunt.
937 652 997 711 Sed
1019 651 1213 728 quoniampu·

265 745 379 807 rochus
400 762 578 820 suspensus,
593 761 633 802 ex
646 745 801 802 communi
817 745 983 804 doctorum
1005 746 1165 804 sententia
1175 760 1211 820 pt·

265 839 380 900 rochus
394 857 460 898 esse
474 855 532 896 non
549 837 678 911 desinit,
697 838 770 897 hinc
782 837 819 897 da
835 839 943 898 valore
957 839 1210 900 matrimoniorum

266 955 372 1000 coram
394 939 529 1014 parocho
548 937 653 997 iurato
674 940 908 998 contractorum
931 937 1072 999 dubitari
1093 938 1210 1016 prolecto

263 1035 328 1093 'non
356 1035 472 1108 potest.
496 1033 693 1108 Quapropter
716 1051 753 1090 ne
775 1049 830 1108 pro
859 1033 984 1093 cautela
1012 1033 1142 1110 quidem
1160 1047 1210 1108 opu

266 1130 327 1199 est,
344 1128 380 1185 ut
400 1125 601 1187 matrimonia
621 1125 771 1184 eiusmodi
792 1143 898 1185 coram
921 1129 1056 1203 parocho
1077 1125 1209 1188 catholico

268 1223 301 1290 at
321 1219 455 1280 testibus
477 1219 640 1279 validitoti
655 1218 881 1278 restituantur.

326 1313 409 1374 Haec
424 1317 515 1386 sunt,
531 1311 722 1372 venerabilis
743 1312 864 1385 irater,
879 1330 957 1389 quae
979 1313 1011 1372 in
1034 1317 1092 1374 tua
1114 1315 1227 1373 instro-³

266 1407 373 1469 ctione
401 1410 439 1468 ad
462 1407 579 1466 olerum
613 1405 719 1483 aliqua
743 1406 1020 1466 animadversione
1041 1407 1143 1485 digna
1165 1405 1209 1464 risu

264 1499 364 1564 Nobis
385 1505 479 1562 sunt:
502 1519 640 1577 quaeque
662 1499 715 1559 ubi
748 1499 872 1560 tuerint
900 1501 1030 1560 redacta
1058 1501 1153 1560 iuxta
1174 1515 1209 1566 ea,

262 1599 345 1671 'quae
368 1593 554 1666 monuimus,
577 1611 635 1651 non
651 1592 830 1652 dubitamus
845 1610 884 1651 ex
899 1593 1005 1652 cadem
1020 1593 1209 1654 instructione

267 1689 474 1748 obventurum
490 1687 558 1746 fore
579 1685 715 1746 fructum
735 1667 983 1762 amplissimum,
1007 1691 1041 1746 et
1061 1687 1226 1768 maximm

265 1781 300 1842 in
320 1797 467 1858 gregem,
483 1779 536 1857 qui
551 1781 659 1838 exstat
673 1779 704 1837 in
720 1781 809 1856 parte
826 1779 968 1840 Alsatica
982 1778 1137 1841 dioecesis
1151 1785 1209 1839 tuae.
1225 1785 1227 1862 ζ

263 1875 398 1935 interim
420 1889 527 1951 perga,
550 1870 740 1931 venerabilis
755 1870 868 1942 frater,
886 1875 921 1931 ut
942 1873 1085 1949 coepisti,
1112 1877 1227 1932 certus*

261 1967 381 2028 bonum
396 1969 566 2025 certamen.
581 1964 731 2023 Viriliter
749 1982 824 2042 age:
846 1965 1024 2026 confortare
1042 1965 1073 2024 in
1092 1965 1210 2032 Domino,

260 2065 301 2122 'et
321 2060 388 2140 ipse
403 2058 490 2120 dabit
512 2059 680 2135 petitiones
695 2058 796 2118 cordis
812 2059 872 2119 tui:
896 2058 1095 2136 nequeenim
1113 2073 1213 2138 speran-

266 2157 316 2214 tes
331 2154 363 2212 in
386 2171 418 2212 se
432 2151 579 2211 conlundi
600 2151 745 2226 patitur,
773 2153 825 2212 sed
853 2169 960 2212 servos
980 2169 1050 2210 suos
1073 2155 1211 2228 tamquam

266 2261 377 2304 aurum
400 2244 512 2320 probat
533 2243 565 2302 in
587 2244 708 2304 camino
731 2244 959 2305 tribulationis.
976 2245 1078 2311 Quare
1103 2241 1212 2303 nonest

267 2337 488 2398 concidendum
508 2335 624 2410 animo,
641 2338 691 2395 sad
713 2336 846 2398 fortiter
861 2336 1089 2396 sustinendum.
1115 2339 1210 2396 Auctor

260 2431 341 2490 'boni
361 2427 484 2490 consilii
498 2430 580 2488 Deus
603 2429 729 2488 uberem
751 2427 888 2506 gratiam
909 2428 1090 2506 elargiatur
1105 2431 1211 2489 Frater

256 2521 364 2583 'nitati
386 2523 470 2593 tuae,
487 2521 538 2579 cui
551 2521 614 2581 Nos
635 2520 773 2580 eiusdem
795 2519 987 2596 auspicium,
1003 2523 1037 2580 et
1051 2520 1210 2598 pontificiae

219 2689 221 2694 Ι
262 2616 504 2676 'benevolentiae
519 2613 644 2692 pignus,
660 2613 866 2691 apostolicam
881 2613 1129 2674 benedictionem
1143 2629 1224 2692 pera-i

267 2713 391 2769 manter
412 2707 625 2784 impartimur.

326 2803 441 2862 Datum
452 2801 583 2872 Romae,
593 2797 673 2875 apud
685 2798 831 2857 Sanctam
848 2797 980 2858 Mariam
995 2799 1162 2874 Maiorem,
1173 2793 1210 2856 sul

257 2896 381 2956 ‘annulo
402 2881 593 2966 piscatoris,
621 2892 670 2950 die
700 2893 758 2952 VII
781 2893 973 2953 Novembris
1001 2891 1223 2958 ΜΒΟΟΧΟΙΙΙ,ἱ

257 2989 473 3051 Pontificatus
494 2985 604 3049 Nostri
626 3004 706 3045 anno
728 2986 815 3046 XIX.
