2522 4200
39 376 77 417 ne
99 355 216 436 quaeri
237 354 275 413 ds
296 373 327 415 se
348 357 473 434 quidem
495 357 594 432 volet,
611 362 667 419 aut
688 359 753 420 nlla
769 355 897 420 'ratione
911 359 1003 421 feret.

38 455 125 518 Illud
148 453 234 515 enim
257 473 275 515 a
296 455 383 515 nobis
405 452 474 512 iuro
495 454 698 532 postulatura
719 459 786 530 est,
804 458 877 514 utro
892 474 911 516 a
924 457 1006 514 tem-

38 568 117 629 pore
139 551 241 627 ipsam
256 548 396 608 dimetiri
417 549 564 622 velimus3
577 566 653 608 eone
668 567 729 625 quo
750 549 782 608 in
797 567 921 609 sacrum
933 549 1004 609 Viri

38 642 222 704 beatissimi
243 659 368 720 corpus,
382 661 421 703 an
437 659 474 702 eo
493 659 553 718 quo
573 641 605 701 in
628 640 764 701 eiusdem
786 640 924 700 animum
939 659 1006 703 sae-

40 737 114 796 vire
128 736 268 797 hostium
282 736 451 798 crudelitas
462 735 622 812 coeperitl
635 735 677 796 Et
689 753 874 816 quamquam
888 736 1006 796 iustum

41 849 114 892 essa
135 831 313 891 clamatura
333 829 394 904 sit,
418 833 454 890 nt
474 829 629 888 rationem
652 829 816 908 utriusque
837 831 1004 892 babeamus

41 922 223 1001 temporis3
246 927 349 984 temen
371 922 398 982 si
419 924 541 999 tempus
563 922 642 982 illud
664 923 838 1000 praeterire
867 924 1007 984 volueri·

42 1036 115 1078 mus
130 1035 192 1094 qno
212 1014 414 1076 acerbissima
433 1020 466 1076 et
487 1015 676 1092 gravissima
689 1019 723 1076 et
736 1017 820 1076 omni
840 1022 1006 1095 montepe-

41 1113 117 1172 iora
137 1111 275 1178 vulnera
288 1109 450 1170 Pontificis
471 1111 574 1169 animo
596 1112 775 1188 contemptu
797 1129 831 1172 ac
845 1111 1006 1172 eversione

43 1205 212 1283 religionis
240 1202 360 1265 indicta
381 1207 455 1263 sunt
481 1203 520 1263 ab
548 1202 708 1277 hostibus,
731 1221 808 1280 quae
830 1206 1005 1283 Martyrem
1081 1260 1084 1269 .

44 1301 149 1378 magis
171 1297 275 1359 animo
294 1315 385 1373 quam
407 1315 539 1374 corpore
554 1297 700 1371 fecerint,
716 1301 749 1356 et
769 1298 849 1373 quod
871 1297 938 1357 fere
952 1299 1006 1358 de-

44 1394 193 1454 cennium
214 1394 272 1452 est:
289 1392 357 1464 hoc,
372 1409 433 1468 quo
447 1409 558 1468 corpus
579 1390 677 1467 ipsius
690 1393 829 1467 captum,
844 1391 1005 1466 afflictum,

45 1486 254 1558 vexatum,et
261 1483 463 1561 profligatum
471 1483 571 1556 est,in
586 1483 691 1543 oculos
703 1483 845 1560 proferet
856 1486 1006 1561 omnium,

44 1586 78 1642 et
92 1582 162 1641 fere
176 1577 336 1638 biennium
350 1576 445 1636 fuisse
460 1577 678 1637 conclamabit.
689 1578 776 1645 Quod
790 1580 914 1656 qnidam
929 1585 1009 1641 tem·

45 1693 105 1754 pus
126 1674 359 1733 tormentorum
382 1670 461 1730 sicui
483 1670 560 1733 satis
582 1689 648 1730 esse
670 1689 729 1730 non
750 1671 924 1746 videbitur,
947 1693 1006 1751 qno

46 1753 109 1828 sibi
135 1764 320 1842 persuaderi
348 1763 480 1837 debeat,
502 1763 534 1822 in
557 1765 636 1825 Sene
661 1766 862 1847 octogenario
891 1767 1004 1828 vicisse

47 1877 173 1921 omnem
194 1859 330 1930 modum3
343 1857 434 1917 illum
455 1857 631 1917 crudeliore
645 1861 738 1935 atque
754 1858 924 1919 immittere
939 1860 1009 1920 ani-

47 1973 99 2014 mo
122 1969 202 2023 esse,
217 1968 309 2028 quam
330 1951 434 2009 hostes
456 1950 514 2026 ipsi
530 1950 662 2024 fuerint,
678 1956 898 2028 conqueretur.
912 1951 1008 2012 Cuius

47 2065 123 2108 sane
146 2043 335 2108 iustissimas
348 2043 493 2121 querelas
514 2046 581 2103 tum
596 2044 672 2118 Vos,
687 2043 937 2105 Eminentissimi
947 2045 1009 2106 Pa-

48 2146 134 2212 tres,
158 2153 288 2215 quorum
310 2155 430 2198 summa
450 2141 484 2198 et
504 2135 675 2216 singularis
695 2138 873 2199 humanitas
895 2137 1008 2215 ubique

48 2232 193 2313 gentium
214 2235 379 2307 perspecta
391 2233 452 2302 est,
466 2230 654 2308 gravissimo
674 2231 790 2292 indicio
804 2233 912 2292 vestro
927 2249 1010 2291 com·

46 2323 217 2406 probaturi
237 2322 341 2396 eritis;
355 2329 422 2384 tum
433 2341 488 2384 nos
502 2327 641 2384 vestram
655 2325 874 2402 comprobandi
889 2325 1011 2403 sapien-

48 2422 129 2483 tiam
145 2415 355 2477 collaudaturi
370 2417 499 2491 erimus,
512 2421 546 2478 et
559 2419 597 2479 ad
612 2422 734 2479 ceteras
748 2419 856 2479 laudes
870 2423 1009 2495 vestras,

47 2531 130 2592 quae
153 2527 288 2571 summac
310 2509 553 2588 omnigenasque
574 2516 659 2586 sunt,
683 2513 762 2573 hanc
784 2512 881 2573 etism
901 2514 1011 2575 adiun-

48 2607 147 2670 cturi.

111 2700 217 2762 Erunt
237 2697 342 2774 itaque
356 2697 479 2774 reliqua
498 2714 576 2773 qnae
591 2698 648 2756 hoc
670 2700 737 2757 toto
758 2699 957 2775 captivitatis
972 2703 1010 2761 ad

51 2812 149 2871 usque
170 2794 302 2852 mortem
323 2792 466 2865 tempore
479 2788 620 2865 perferre
642 2789 751 2849 beatus
767 2792 867 2850 Pater
888 2792 1010 2865 debuit,

51 2893 89 2950 de
110 2887 224 2966 quibus
244 2882 464 2961 inquirendum
485 2881 561 2956 erit,
577 2885 611 2941 et
631 2887 710 2958 quae
731 2882 762 2940 in
785 2884 864 2943 hanc
884 2888 1012 2943 conten·

51 2983 172 3044 tionem
193 2978 334 3052 venient,
356 2992 488 3049 summa,
505 2992 601 3033 necne
621 2974 697 3049 sint,
719 2974 907 3052 omninoque
927 2994 964 3036 ea
978 2976 1011 3034 in

50 3074 164 3155 quibus
185 3067 369 3132 nobilissimi
391 3066 541 3145 martyrii
555 3066 620 3126 vim
643 3069 735 3143 atque
751 3068 897 3128 naturam
919 3067 1013 3127 collo·

52 3186 125 3230 care
146 3168 203 3226 aut
223 3164 393 3242 possimus,
416 3164 472 3222 aut
493 3160 675 3230 debeamus3
697 3161 735 3219 ad
756 3178 836 3238 qnae
857 3161 918 3220 iam
939 3179 1014 3239 pro·

52 3263 146 3341 perat
166 3259 281 3320 oratio.
297 3258 488 3335 Quamquam
517 3273 595 3333 quae
623 3258 714 3316 tanta
734 3273 801 3315 esse
829 3258 935 3332 potest
955 3262 1012 3317 aut

53 3354 174 3433 ingenii
195 3351 263 3425 vis,
285 3355 342 3412 ant
365 3349 530 3427 eloquendi
558 3348 709 3422 facultas,
733 3366 813 3427 quae
833 3348 1012 3410 Beatissimi

54 3445 313 3522 sanctissimique
333 3444 442 3504 Patris
467 3443 549 3517 iter,
572 3445 604 3522 et
631 3442 742 3502 itineri
761 3460 796 3503 ac
817 3441 1013 3520 interpositis

55 3560 110 3602 seu
131 3538 298 3600 domiciliis
322 3555 377 3598 seu
398 3537 575 3599 carceribus
602 3535 759 3614 quaesitas
786 3535 823 3594 de
844 3535 1010 3607 industria,

154 3660 213 3713 Vol.
231 3659 276 3710 ΙΙ.
891 3661 921 3710 13
