2424 4196
429 229 588 291 -75-

29 353 141 398 summa
162 353 276 396 rerum
296 335 434 396 omnium
456 339 522 396 tam
545 353 718 409 sacrarum,
733 352 826 414 quam
847 333 992 395 civilium

28 429 170 508 pernicie,
196 446 351 490 summam
373 428 449 488 item
464 430 562 491 animi
577 431 808 504 fortitudinem,
820 445 992 507 paremque

27 525 53 582 in
65 523 265 601 perferendis
286 539 341 599 pro
355 522 514 600 religione
528 525 764 586 calamitatibus
780 521 993 584 constantiam

27 618 230 695 agnoscimus,
247 634 309 675 non
331 634 494 692 possumus
516 636 578 679 oon
600 619 705 696 aliqua
725 635 765 678 cx
785 620 878 696 parte
901 614 994 674 obse·

24 716 166 776 enudare·
180 711 266 776 votis
294 717 376 788 tuis,
396 730 432 774 ac
453 717 485 776 ln
508 719 565 775 tua
591 716 753 776 intuentes
773 713 908 786 merita,
930 708 993 770 tibi

22 806 207 885 indulgere,
231 811 312 870 utin
328 813 368 872 iis
383 811 539 884 omuibus,
565 827 643 887 quos
657 807 754 870 Nobis
775 807 992 867 commendare

23 901 168 974 voluisti,
184 901 211 961 si
234 904 371 980 potiores
392 905 515 982 aliquos
536 905 574 963 ob
595 919 703 962 eorum
725 902 893 972 virtutem,
917 895 993 958 tihi·

23 1011 75 1069 quc
96 995 296 1071 acceptiores
310 998 436 1069 habeas,
460 1015 500 1058 ex
521 997 560 1056 iis
581 1013 641 1054 uon
665 995 773 1071 plures
794 1011 887 1070 quam
902 991 1016 1068 quim,

23 1105 88 1163 qne,
103 1093 165 1147 aut
187 1105 243 1147 sex
264 1090 300 1150 ad
324 1108 477 1151 summum
498 1090 681 1166 seligas‚ad
696 1090 847 1150 Nostram
861 1085 992 1164 pontid·

22 1181 95 1241 clam
107 1180 266 1242 ditionem
282 1185 556 1254 transmittendos,
565 1202 585 1242 a
594 1182 751 1259 Nobisque
763 1185 819 1242 tua
833 1198 927 1241 causa
941 1197 992 1238 su-

21 1276 136 1351 peratis
159 1277 403 1353 quibuscumque
420 1276 670 1346 difficultatibus,
690 1275 899 1351 recipiendos.
915 1276 991 1334 Pot-

22 1368 80 1428 cris
94 1369 217 1428 idcirco
239 1387 347 1429 eorum
369 1371 508 1431 iudicare
525 1369 661 1440 uomina,
678 1387 737 1446 quo
760 1386 817 1445 per
836 1371 991 1430 Nostrum

23 1463 169 1522 nuntium
190 1463 390 1522 Helveticum
412 1462 547 1523 facultas
568 1463 604 1520 ad
631 1463 696 1521 Nos
718 1461 910 1522 commeandi
932 1461 992 1520 eis·

24 1557 87 1614 dem
112 1555 302 1616 nominatim
324 1557 393 1616 dari
416 1556 526 1633 possit.
543 1554 675 1632 'Iibique
697 1572 820 1632 semper
845 1553 991 1614 uberiora

24 1651 120 1709 divini
144 1650 287 1726 Spiritus
309 1669 439 1710 munera
454 1670 473 1712 a
487 1653 550 1710 Dec
572 1653 747 1727 precautes,
765 1649 795 1708 iu
819 1647 991 1726 singularis

23 1749 173 1818 paternae
189 1743 425 1804 benevolentiae
441 1748 662 1822 argumentum
677 1743 880 1821 apostolicam
896 1741 988 1801 bene-

24 1837 188 1896 dictionem
210 1841 412 1912 peramanter
433 1837 647 1914 impertimur.

77 1933 195 1989 Datum
217 1932 348 2001 Romae,
367 1931 447 2005 apud
470 1931 619 1989 Satictum
643 1931 786 1999 Petrum,
803 1927 860 1987 sub
873 1925 989 1986 annulo

25 2023 206 2096 Piscatoris,
220 2023 270 2082 die
279 2025 383 2084 XVIII
396 2023 536 2084 Ianuarii
549 2023 768 2094 MDGOXGIV,
779 2020 990 2080 Pontificatus

23 2115 130 2178 Nostri
153 2133 236 2176 anno
256 2117 328 2176 XX.

467 2303 552 2359 xx.

267 2423 518 2466 munasamusus
539 2423 717 2467 ratramus

182 2576 462 2637 MARTIALI
493 2577 828 2637 ALEXANDRO

75 2723 230 2801 Episcopo
252 2724 458 2784 Pictavieusi
478 2727 618 2802 aliisque
638 2723 806 2802 Episcopie
830 2723 937 2786 Gallis

274 2819 434 2897 Friburpi
455 2822 729 2880 commorantibus

127 2983 216 3040 ven.
240 2981 392 3052 Fratres,
411 2981 564 3040 Salutem
585 2986 621 3040 et
641 2981 877 3053 Apostolicam

356 3075 653 3135 Benedictlonem.
732 3089 734 3092 ·

84 3233 149 3294 Etsi
173 3235 264 3294 notae
285 3231 381 3293 Nobis
403 3233 480 3304 sint,
504 3233 700 3294 venerabiles
720 3234 861 3306 fratres,
889 3234 990 3293 ecclc·

30 3321 218 3385 siasticorum
233 3344 250 3385 e
264 3326 371 3386 Gallia
393 3326 595 3403 profugorum
618 3345 799 3399 aerumnae,
816 3331 920 3388 tamen
934 3348 988 3389 no·

30 3431 98 3473 vum
110 3419 206 3478 Nobis
226 3418 404 3478 cumulavit
418 3417 558 3478 dolorem
582 3423 691 3479 vestra
712 3420 942 3494 calamitatum,
956 3423 988 3482 in

32 3523 100 3582 quas
120 3509 249 3587 plurimi
272 3529 378 3571 corum
400 3512 597 3585 inciderunt,
621 3513 811 3591 descriptio,
837 3505 988 3592 tantoque
