2426 4192
385 231 425 250 ..
448 202 506 264 109
528 233 565 248 -

438 393 528 449 ιιι.
613 329 623 364 ³

289 523 418 572 umnoro
438 525 520 568 malo
539 525 665 569 NOS'l'EO

89 639 265 734 neuruoo
283 675 316 732 s.
338 676 377 736 u.
398 675 436 734 n.
458 671 731 740 rnnssurnno
752 672 870 732 casn.

250 767 302 828 nn
321 767 634 828 sarnununsne
657 764 702 843 (1)

209 936 378 1018 PIUS
440 936 625 1016 PAPA
677 936 741 1014 Vl.

66 1145 238 1223 Singularis
259 1147 323 1206 ista
343 1150 421 1218 tua,
445 1165 566 1210 summa
587 1148 618 1208 in
643 1148 786 1220 virtute,
808 1149 963 1207 modestia

18 1235 80 1296 lecit
97 1241 131 1300 D.
146 1239 185 1300 F.
200 1241 241 1301 N.
260 1246 295 1299 ut
315 1240 435 1300 litteris
455 1241 520 1301 tuis
542 1241 572 1300 in
595 1241 654 1299 hac
676 1239 882 1301 tribulatione
897 1241 964 1302 No-

18 1333 82 1400 stra,
97 1337 128 1391 et
147 1333 178 1391 in
202 1351 251 1404 ee,
263 1351 325 1408 qua
339 1350 500 1409 urgemur,
517 1333 720 1393 ecclesiarum
742 1333 880 1392 omnium
901 1333 963 1392 sol·

18 1421 162 1484 lioitudine
183 1425 390 1502 interpellare
412 1429 443 1486 te
464 1428 529 1488 Nos
553 1443 640 1502 posse
662 1425 851 1503 suspicieris.
874 1426 962 1485 Tune

20 1533 145 1592 umquam
169 1536 226 1576 uos
247 1516 455 1594 interpelles?
476 1517 570 1578 Cuius
584 1536 654 1576 oum
676 1534 797 1594 semper
818 1517 963 1578 consus

20 1607 80 1668 tiam
92 1628 126 1670 ac
148 1611 420 1670 mansuetudinem
433 1611 528 1670 tutin
539 1609 682 1671 adversis
694 1611 898 1687 perferendis,
911 1609 963 1671 vel

20 1703 148 1778 oprimis
170 1703 264 1763 huius
286 1703 484 1779 tempestatis
499 1701 789 1763 turbulentissimae
810 1703 962 1777 exordiis,

20 1795 145 1856 deminuti
168 1813 288 1868 sumus,
304 1799 371 1855 tum
394 1796 574 1857 litterarum
597 1795 753 1872 sapientia
773 1797 821 1857 ita
841 1813 964 1857 recrea·

21 1905 85 1964 nur,
97 1895 130 1950 ut
140 1891 173 1949 in
189 1890 240 1950 his
250 1889 435 1950 miserrimis
446 1889 639 1966 temporibus
653 1888 731 1949 nihil
743 1889 783 1949 iis
793 1892 830 1950 ad
843 1907 965 1951 moero-

20 1998 71 2042 rem
84 1984 177 2044 animi
199 1983 309 2044 Nostri
329 1983 571 2060 abstergendum
600 1982 796 2060 praesentius
823 1982 965 2044 invenire

20 2091 82 2136 nus.
102 2078 186 2144 Quae
208 2087 304 2148 seue,
331 2077 358 2136 si
381 2079 512 2136 nondum
537 2075 649 2136 afferre
670 2080 809 2152 possunt,
826 2093 903 2152 quae
924 2076 964 2136 ad

21 2169 155 2234 Ecclesiae
177 2169 447 2246 tranquillitatem
468 2169 740 2230 uehementissime
768 2187 962 2246 cuperemus,

21 2263 138 2324 ederunt
152 2269 258 2326 tamen
270 2281 347 2340 quae
362 2263 394 2322 io
405 2262 598 2345 'gravissima
608 2264 666 2323 hac
676 2263 743 2322 eius
754 2263 848 2340 plaga
862 2263 964 2324 maxi·

21 2373 59 2414 mo
76 2357 168 2420 Nobis
192 2357 305 2417 solatio
333 2375 400 2416 esse
422 2357 546 2418 debent.
570 2356 648 2422 Quid
671 2356 753 2415 enim
776 2357 815 2417 ad
844 2356 965 2416 lenien-

20 2449 76 2510 dam
105 2453 271 2514 vulnerum
303 2454 480 2511 nostrorum
511 2450 715 2510 acerbitatem
747 2449 900 2511 efficacius
921 2451 965 2512 sit

20 2542 109 2618 Nobis,
122 2563 218 2623 quem
232 2561 430 2622 cognoscere,
446 2544 478 2603 in
501 2547 591 2604 tanta
609 2543 777 2621 impiorum
798 2545 843 2617 vi,
860 2549 891 2605 te
912 2562 965 2603 ce.-

20 2639 146 2716 terosque
166 2638 272 2715 Belgii
292 2638 454 2698 antistites
475 2638 672 2698 confessores
680 2638 753 2699 fidei
774 2637 964 2698 constantis·

21 2727 108 2804 simos,
124 2729 282 2790 inlinitum
306 2735 472 2806 praeterea
491 2730 688 2790 sacerdotum
709 2729 962 2790 fidelissimorum

23 2838 167 2884 numerum
182 2827 274 2884 tante
288 2823 454 2899 patientia,
469 2823 635 2896 firmitate,
649 2822 899 2894 mansuetudine,
914 2841 966 2883 ra-

22 2913 108 2986 pinam
127 2919 290 2990 bonorum,
318 2916 485 2993 impiorum
510 2917 655 2990 iniurias,
681 2931 857 2989 carcerem,
883 2915 966 2975 exsi-

22 3003 95 3081 lium,
109 3028 214 3071 rerum
237 3009 375 3069 omnium
395 3012 566 3086 egestatem
589 3027 644 3085 pro
671 3010 887 3070 conservanda
904 3009 965 3068 Ec·

22 3097 116 3162 clesiae
137 3104 260 3165 unitate
282 3103 445 3180 perferret
467 3121 556 3180 quam
579 3104 672 3174 scira,
694 3101 816 3161 nullum
837 3101 966 3161 calami·

22 3191 106 3255 tntum
122 3198 174 3257 vel
188 3197 442 3274 asperrimorum*
455 3214 552 3272 genus
568 3195 687 3256 efficere
708 3212 809 3271 posse,
825 3194 900 3270 quin
917 3198 965 3255 tot

23 3283 118 3350 invicti
137 3291 258 3354 Christi
288 3290 429 3350 athletae
450 3290 482 3348 in
514 3289 574 3348 fide
604 3291 698 3365 atque
720 3287 817 3348 officio
844 3306 966 3364 perma-

71 3491 104 3547 u>
119 3477 316 3552 momapuoopo
331 3489 516 3558 secundans.
