2424 4196
601 258 640 271 -
664 225 722 285 nse
743 257 782 270 -

208 333 305 410 poris,
322 336 401 394 Ven.
419 335 547 406 Frater,
564 333 629 410 ipse
642 333 762 394 Lindon
778 351 942 411 suspensus
964 333 1004 393 ab
1024 331 1160 392 ordinum
1201 339 1202 352 ¹

110 483 114 490 .
208 427 362 500 exercitio
376 445 539 487 remanere
554 429 658 488 debet.

269 521 354 588 Quod
377 525 536 597 superest,
557 523 707 583 Nostram
731 520 761 579 in
785 523 836 594 te,
859 523 939 581 Ven.
955 521 1093 592 Frater,
1114 536 1161 596 pro

207 613 272 674 tuis
292 614 418 673 meritis
439 614 626 690 amplificari
642 617 805 690 paternam
821 614 1072 673 benevolentiam
1089 614 1162 672 exis-

208 708 464 784 timationemque
487 708 690 784 profitemur,
721 725 756 766 ao
777 707 809 766 in
832 710 895 767 tam
918 707 1055 784 amplius
1077 705 1160 768 animi

207 802 318 862 Nostri
334 801 446 878 pignus
460 801 673 878 Apostolicam
696 801 942 861 benedictionem
965 801 1023 860 tibi
1048 800 1163 859 univer·

207 897 310 972 sisque
337 900 410 954 tuae
431 895 501 954 fidei
525 894 715 954 concreditis
745 894 856 953 ovibus
884 895 1088 970 peramanter
1114 891 1161 949 im·

209 990 378 1068 partimur.

269 1086 381 1144 Datum
404 1086 522 1144 Romae
547 1083 596 1142 die
619 1081 1015 1152 1V1uniimucoxov1‚
1044 1076 1162 1140 Pontii·

209 1181 299 1236 catus
312 1176 422 1236 Nostri
436 1194 517 1236 anno
531 1177 633 1236 XXII.
697 1210 703 1222 ι
1204 1189 1205 1196 “

632 1345 736 1400 ΧΙιΙ.

208 1467 345 1511 OMNIBUS
355 1467 640 1512 cnslsrirlusumus
651 1467 841 1524 carflomcls,
861 1467 1098 1510 commmodum
1111 1467 1160 1510 cml
1205 1513 1206 1528 χ

269 1565 346 1608 SEDE
367 1564 553 1608 Arosromca
575 1566 772 1609 HABENTIBUS
793 1566 826 1608 lli
847 1565 970 1608 annuns
983 1565 1162 1609 commom-

269 1660 366 1702 umus

440 1816 599 1896 rius
645 1815 823 1936 rnen
868 1817 936 1893 vn.

328 2019 458 2078 Dileoti
471 2020 569 2093 Filii,
585 2023 736 2080 sautem
758 2026 794 2080 et
814 2021 1054 2093 apostolicam

542 2115 836 2172 Benedictionem.

271 2291 446 2353 Pastoralis
468 2291 659 2366 sollicitudo,
683 2293 739 2352 filii
764 2292 975 2364 dilectissimi,
988 2311 1069 2370 quae
1083 2313 1102 2354 a
1114 2296 1164 2354 Do·

209 2387 293 2447 mino
314 2388 422 2445 nostro
436 2386 505 2444 Iesu
519 2386 657 2459 Christo,
670 2405 710 2446 ex
725 2387 925 2447 abundantia·
938 2387 1162 2447 misericordiae

208 2499 302 2552 suae,
324 2479 500 2539 humilitati
527 2484 651 2540 nostrae
684 2481 847 2540 commissa
874 2485 943 2552 est,
966 2481 1116 2540 admonet
1135 2484 1163 2538 ut

201 2574 350 2635 ¹omnibus
371 2573 640 2647 christifidelibus,
663 2574 850 2651 praesertim
873 2592 948 2634 vero
970 2573 1010 2633 iis
1030 2577 1084 2652 qui
1110 2593 1163 2634 ma·

203 2667 328 2742 ‘iuribus
350 2666 579 2728 tentationibus
601 2670 806 2744 appetuntur,
828 2687 867 2727 ne
888 2687 907 2727 a
929 2669 1085 2745 sapientia
1105 2686 1163 2729 car·
1208 2723 1209 2726 ,

209 2761 273 2822 nali
295 2760 409 2820 misere
431 2763 631 2830 seducantur,
647 2763 754 2821 adesse
769 2761 940 2838 cupiamus.
954 2762 1052 2822 Nobis
1074 2763 1161 2826 enim,
1207 2729 1209 2846 l

209 2873 304 2931 aeque
326 2875 361 2916 ao
383 2857 555 2933 prophetae
571 2855 680 2927 Isaiae,
697 2855 891 2916 dictumest:
912 2853 1037 2927 Clamo,
1053 2873 1095 2916 ue
1109 2871 1164 2916 oes-

209 2967 277 3022 ses;
289 2951 387 3027 quasi
407 2952 485 3009 tuba
505 2953 618 3010 smalto
632 2966 737 3010 vocem
752 2958 854 3023 taam,
872 2954 1042 3010 annuatia
1055 2951 1162 3026 popolo

207 3059 276 3103 meo
297 3046 417 3105 scelera
437 3059 556 3102 eorum.
570 3042 721 3109 Quocirca
735 3043 832 3104 Nobis
854 3045 959 3102 deesse
976 3041 1161 3107 videremur,
1207 3059 1209 3118 p

208 3137 269 3197 nisi
291 3156 513 3214 quamcumque
535 3136 726 3197 occasionem
746 3155 802 3196 vos
824 3137 969 3196 hortandi
991 3139 1027 3197 ad
1051 3152 1160 3214 paoem,
1207 3119 1209 3210 l

209 3247 244 3288 ac
258 3230 394 3289 debitam
410 3229 593 3289 constitutis
614 3230 823 3307 potestatibus
836 3231 985 3289 suadendi
1007 3228 1163 3289 subiectio·
1207 3299 1209 3324 1

209 3340 278 3381 nem
300 3321 439 3383 libenter
458 3323 681 3399 arriperemus.
699 3323 872 3400 Siquidem,
895 3342 964 3384 cum
986 3327 1097 3401 dogma
1117 3339 1162 3379 ca·
1208 3325 1209 3368 ἒ

211 3413 362 3474 thelicum
376 3415 430 3487 sit,
447 3415 572 3474 divinae
593 3416 773 3492 Sapientiae
795 3435 871 3494 opus
893 3435 959 3477 esse
981 3417 1060 3494 quod
1082 3415 1162 3493 priu-
1208 3419 1209 3464 i

200 3505 331 3585 ..oipaius
353 3507 438 3581 sint‚·¹
451 3527 490 3567 ne
512 3509 616 3567 omnia
637 3527 710 3570 casu
731 3528 766 3570 ac
788 3513 907 3570 temere
928 3511 1091 3584 ferantur,
1114 3525 1162 3586 po.-
1208 3531 1209 3542 ¹
