2488 4204
1098 163 1107 208 s

649 252 688 265 -
708 221 748 282 28
768 253 806 265 ..

244 345 314 388 rem
332 327 560 404 pontificibus,
584 334 616 387 ct
636 329 873 401 cacerdotibus,
896 332 1047 408 quamuis
1076 331 1133 389 illi
1153 345 1206 388 uec

247 423 396 480 timorem
407 420 478 492 Dei,
492 437 550 480 acc
568 423 772 496 agnitionem
788 420 911 482 Christi
924 430 1118 482 servassent.
1136 421 1207 481 Fuit

247 513 370 571 demum
392 531 432 573 ex
453 515 563 590 quovis
584 513 743 573 hominnm
765 519 856 574 coetu
882 513 1073 592 interempta
1103 513 1207 574 multi·

247 606 334 667 tudo.
352 609 487 674 Quorum
500 607 610 668 mitior
623 626 722 686 poena
735 607 808 681 ruit,
822 627 840 668 e
854 607 968 685 patriis
988 607 1129 682 sedibus,
1146 608 1207 668 sine

247 701 313 761 ullo
335 701 514 762 discrimine
535 704 663 777 aetatis,
679 722 785 776 sexus,
807 703 1006 778 conditionis,
1028 704 1060 763 in
1084 707 1206 764 exteras

247 783 392 872 regiones
413 795 632 856 eiicicbantur.
655 798 724 856 Etsi
751 815 826 857 vero
854 799 1014 858 decretum
1045 801 1154 870 esset,
1177 801 1206 855 nt

248 888 379 966 quisque
401 888 511 962 libere,
534 907 626 966 qnam
641 891 752 964 vellet,
775 891 963 969 religionem
974 909 1126 952 exercere
1141 907 1205 966 pos·

249 987 319 1051 set,
342 983 429 1058 quasi
451 999 506 1059 par
527 983 702 1059 quamlibet
723 989 848 1062 pateret
875 986 914 1045 ad
943 989 1108 1046 aeternam
1131 984 1206 1044 salu·

249 1076 311 1133 tem
334 1075 388 1133 via
408 1074 465 1153 (1),
487 1076 554 1135 sola
575 1079 679 1136 tamen
702 1079 872 1138 vetabatur
900 1077 1055 1138 catholica
1077 1077 1201 1154 religio,

248 1255 274 1300 et
283 1253 401 1312 reliquor.
415 1254 544 1303 sacerdot.
556 1257 624 1315 apud
633 1259 722 1304 Balnz.
735 1259 874 1317 capitular.
885 1261 981 1316 Regum
991 1257 1152 1303 Francorum
1161 1256 1178 1298 t.
1187 1253 1202 1304 Ι,

249 1331 297 1376 col.
308 1333 363 1378 437.
375 1331 435 1378 edit.
444 1333 523 1378 Paris.
536 1333 738 1380 lestavolumus
749 1336 825 1392 atque
835 1333 1012 1393 praecipimus,
1022 1334 1052 1377 ut
1062 1343 1151 1377 omnes
1160 1328 1205 1374 suis

250 1427 262 1448 n
275 1406 453 1454 Sacerdotibus
466 1441 471 1464 ,
483 1409 535 1455 tam
550 1411 655 1457 maioris
665 1408 761 1456 ordinis
774 1443 780 1468 ,
792 1422 867 1467 quam
878 1411 903 1456 ct
913 1406 1043 1455 inferioris
1056 1441 1061 1464 ,
1076 1420 1092 1453 a
1110 1406 1204 1452 minimo

250 1503 262 1526 v
273 1497 353 1542 nsque
369 1483 401 1531 ad
417 1487 569 1544 maximum,
588 1489 617 1532 ut
632 1499 730 1533 summo
746 1488 813 1543 Deo,
832 1487 905 1532 ouius
921 1486 978 1531 vice
993 1485 1022 1531 ln
1038 1481 1204 1531 ecclesiastica

249 1579 261 1601 n
273 1561 400 1618 legatione
417 1561 567 1619 iunguntur,
580 1562 725 1608 obedientes
742 1562 876 1609 exsistant.
887 1562 953 1608 Nam
961 1560 1033 1607 nullo
1044 1561 1122 1619 pacto
1139 1567 1204 1614 agne

250 1655 262 1676 n
274 1649 343 1683 scere
359 1649 501 1696 possumus,
519 1639 628 1696 qualiter
643 1639 722 1685 Nobis
738 1637 825 1685 fideles
840 1637 962 1684 exsistere
978 1639 1096 1696 possunt,
1108 1635 1152 1694 qui
1161 1635 1204 1680 Deo
1233 1647 1234 1664 ³

250 1730 263 1751 n
274 1711 404 1769 infideles,
421 1713 447 1759 et
463 1713 517 1759 suis
538 1713 718 1761 Sacerdotibus
738 1714 917 1772 apparuerint,
940 1715 985 1760 aut
1004 1713 1118 1772 qualiter
1133 1708 1202 1758 Nobis

250 1805 263 1827 n
275 1788 428 1845 obedientes,
447 1787 595 1846 Nostrisqna
611 1790 737 1836 ministris
754 1803 784 1836 ao
800 1789 891 1847 legatis
907 1789 1115 1846 obtemperantes
1132 1787 1202 1833 erunt.

250 1883 263 1904 n
275 1866 319 1922 qui
333 1865 387 1910 illis
401 1867 430 1912 in
445 1864 492 1910 Dei
508 1866 608 1922 causis,
631 1867 657 1912 et
677 1865 850 1913 ecclesiarum
869 1865 1024 1912 utilitatibus
1044 1878 1098 1911 nou
1120 1863 1203 1910 obtem·

250 1959 262 1980 t·
274 1943 374 2000 perant.
386 1959 398 1980 n
430 1983 434 1994 ,

311 2019 344 2063 nt
359 2017 418 2064 hinc
431 2017 675 2075 apersecuticnibus
685 2017 925 2077 Ecclesiasticorum
936 2015 1075 2075 repetenda
1091 2015 1152 2064 sunt
1166 2009 1203 2057 ini·

249 2092 300 2149 tia,
318 2094 344 2139 et
360 2094 431 2138 ortus
448 2092 625 2148 schismatum,
643 2094 669 2139 et
684 2092 835 2152 haeresum;
851 2093 1013 2152 prosequitur
1028 2091 1151 2139 laudatus
1167 2087 1204 2142 Gy·

249 2170 332 2227 prian.
344 2168 372 2214 in
382 2167 488 2226 proxim.
500 2169 543 2214 cit.
555 2168 636 2226 Epist.
649 2170 725 2214 LXV.

314 2246 348 2297 (1)
365 2244 427 2289 Post
445 2243 539 2288 multos
560 2243 640 2300 allos,
662 2245 782 2302 Archiep.
799 2247 897 2292 Rcvsn.
914 2243 1055 2302 Reipublic.
1076 2240 1202 2291 christian·
1232 2209 1233 2248 }

251 2319 297 2366 lib.
308 2321 343 2364 ΙΙ.
355 2331 410 2376 cap.
422 2318 443 2363 I.
456 2331 525 2366 num.
539 2319 577 2365 10.
590 2319 651 2366 Sola
659 2319 757 2377 Religio
768 2333 798 2368 ac
808 2319 883 2367 Fides
893 2320 1024 2368 catholica
1033 2321 1151 2366 Romana
1165 2313 1202 2359 ad·

251 2408 327 2454 quam
338 2395 457 2454 Princeps
469 2397 609 2453 acceptare,
622 2409 783 2454 conservare,
795 2399 821 2444 et
833 2398 949 2444 omnibus
965 2396 1065 2444 viribus
1080 2390 1203 2442 defendere

251 2470 333 2527 debet,
351 2473 375 2518 ei
390 2484 426 2528 se,
444 2483 553 2528 auosque
570 2473 657 2520 salvos
673 2473 800 2521 varianti
817 2475 861 2532 qui
877 2487 951 2520 secus
967 2472 1090 2529 sentiunt,
1103 2469 1203 2518 acliber·

250 2550 330 2594 tatem
338 2547 477 2605 Religionis
488 2559 542 2593 esse
552 2547 650 2604 volunt,
663 2548 782 2595 romanae
794 2549 864 2596 caelo
875 2548 1043 2604 destinantur,
1054 2560 1115 2594 cnm
1125 2541 1201 2592 amois,

251 2624 277 2670 et
291 2622 410 2680 politicis.
422 2622 491 2670 Nihil
508 2623 612 2669 stultius
629 2635 704 2680 quam
721 2635 834 2670 asserere
851 2635 973 2681 quemque
990 2623 1017 2670 in
1033 2635 1082 2670 sua
1092 2617 1202 2676 religione

250 2698 348 2746 salvari
362 2708 445 2756 posse.
463 2699 572 2744 Frustra
587 2700 654 2745 enim
670 2699 782 2746 venisset
793 2699 910 2748 chrisma
926 2699 1049 2746 Dominus
1067 2699 1203 2744 decernunt
1231 2745 1232 2750 η

250 2787 338 2822 veram
352 2774 381 2822 in
397 2787 424 2821 se
440 2773 522 2830 fidem,
536 2774 633 2822 frustra
641 2773 761 2822 instituta
776 2777 816 2822 tot
832 2775 954 2832 concilia,
968 2789 998 2822 ac
1009 2773 1145 2822 dammtae
1155 2770 1201 2814 bae
1231 2771 1232 2838 l

250 2864 328 2909 reses,
346 2851 369 2898 si
384 2852 490 2909 quisque
506 2852 534 2898 in
550 2865 597 2898 sua
612 2853 734 2910 religione
751 2853 848 2900 salvari
863 2853 958 2910 posset.
969 2853 1002 2898 nt
1017 2849 1143 2908 quomodo
1155 2854 1201 2892 cor

249 2927 337 2974 trariis
353 2927 403 2974 viis
416 2926 562 2974 incedentes
578 2926 611 2974 ad
627 2926 734 2973 eundem
744 2928 892 2985 pervenient
907 2924 1056 2972 torminum?
1072 2921 1203 2980 Religionet

252 3003 337 3050 actm
352 3002 486 3060 pleraeque
502 3001 569 3049 inter
584 3016 612 3049 se
628 3003 787 3059 contrariae,
811 3003 888 3050 etlam
904 3003 981 3059 illae,
1003 3015 1067 3060 quae
1085 2999 1202 3050 canatum

251 3079 412 3135 confitentur,
429 3079 540 3126 invicem
555 3091 582 3125 se
598 3078 767 3137 proscribunt,
781 3078 806 3126 et
824 3079 1001 3125 exterminant.
1014 3075 1143 3134 Quomodo
1160 3079 1204 3116 con

250 3157 326 3203 sistet
335 3155 487 3214 Respublica
502 3157 573 3202 nullo
590 3158 660 3203 certo
676 3155 806 3213 religionis
822 3155 925 3202 vinculo
943 3154 1075 3212 colligata?
1086 3155 1124 3201 Ex
1135 3148 1203 3194 diver·

251 3231 326 3277 sitate
342 3231 493 3288 religionum
503 3229 644 3289 procedunt
655 3229 721 3286 odia,
734 3230 816 3276 oritur
825 3228 971 3286 diffidentia,
985 3229 1097 3278 nutritur
1106 3219 1201 3273 invidia

251 3305 316 3352 fiunt
332 3307 515 3365 separationes,
533 3304 679 3361 seditiones.
697 3317 742 3363 por
758 3303 863 3352 divorsa
878 3304 1057 3352 conventicula
1077 3289 1204 3353 exrsnrtunt

250 3383 386 3440 namtates,
398 3381 541 3430 obedientia
550 3380 658 3436 tollitur,
670 3379 731 3438 quia
747 3379 875 3439 quaelibet
889 3379 980 3436 religio
997 3390 1057 3426 suos
1073 3371 1203 3434 supati⁰10⁵

250 3457 331 3516 eligit,
348 3459 374 3506 et
389 3457 439 3505 sibi
455 3456 571 3507 adversis
586 3468 676 3515 parere
692 3455 855 3516 sacrdsgium
875 3454 980 3511 tumeat,
998 3454 1067 3502 bella
1086 3447 1202 3500 conciter·

250 3537 301 3592 tur,
318 3537 348 3582 ut
363 3534 470 3584 infinitis
485 3533 608 3595 exemplis
623 3535 732 3582 constat.
744 3536 833 3593 Itaque
842 3533 971 3581 insulsum
986 3533 1012 3580 ct
1027 3529 1159 3580 ridiculum
1173 3514 1204 3564 ⁰⁸*
