2424 4196
401 211 579 272 -101-

32 319 130 382 vendas
150 335 218 380 enm
239 319 364 397 Religio
385 319 417 379 in
441 319 548 382 Gallia
568 318 768 394 restituetur,
789 321 871 400 quod
884 319 972 380 certe

32 414 103 477 brevi
127 421 313 479 eventurum
341 434 513 494 speramus.
543 419 624 486 Quas
645 417 769 497 quidem
790 418 918 496 regulas
938 421 976 480 et

32 514 173 574 accuratas
197 515 230 572 et
257 511 355 586 saccis
382 511 551 572 canonibus
578 511 720 590 apprime
747 515 972 590 respondentes

30 602 286 680 deprehendimus,
315 603 344 665 si
365 604 423 667 illa
443 605 622 682 excipiatur
642 623 722 682 quae
747 607 881 666 seeundo
903 605 972 666 loco

29 696 157 770 ponitur:
181 716 243 774 qua
263 697 412 758 nimirum
427 701 571 771 cavetur,
585 697 712 760 Hostias
726 717 746 759 a
764 697 973 760 schismaticis

26 790 226 853 sacerdotibus
247 794 456 863 consecratas,
478 809 554 869 quas
568 795 745 854 sacerdotes
758 793 908 854 catholici
922 793 974 853 re·

26 885 145 958 perient,
168 889 226 946 ant
245 885 278 945 in
299 883 464 964 corporali
486 887 682 962 reponendas
702 903 782 959 esse,
804 891 860 947 aut
874 903 971 963 expe·

26 980 156 1037 standum
177 997 245 1038 esse
261 981 355 1038 donec
369 978 401 1038 in
417 979 632 1040 Tabernaeulo
646 984 887 1055 consumentem
904 983 971 1040 tum

24 1087 86 1129 vero
99 1072 321 1132 comburendas
337 1089 417 1144 esse,
431 1087 599 1150 earumque
613 1074 733 1134 eineres
748 1073 780 1133 in
798 1073 972 1136 sacrarium

23 1177 65 1221 sen
84 1165 234 1240 piscinam
255 1165 474 1226 coniiciendos.
497 1166 563 1233 Qua
583 1167 615 1224 in
638 1184 686 1240 re,
710 1170 746 1228 ut
766 1169 866 1228 omnis
886 1185 973 1230 amo-

23 1265 122 1319 veatur
144 1258 323 1336 ambigendi
346 1260 469 1321 occasio
490 1261 656 1321 catholicis
676 1262 904 1336 sacerdotibus,
920 1263 973 1340 qui

22 1353 186 1426 praedictae
208 1353 338 1429 regulae
360 1354 526 1430 paruerint
547 1355 584 1413 ad
607 1355 751 1428 verbum,
774 1373 886 1431 operae
901 1373 974 1431 pre·

22 1445 88 1504 tium
108 1446 251 1506 ducimus
271 1446 484 1506 Fraternitati
506 1452 578 1507 tuae
593 1445 787 1525 significare,
803 1451 974 1525 proceden-

21 1538 81 1597 dum
108 1558 174 1600 csse
199 1558 271 1600 eum
291 1541 506 1602 distinctione.
529 1543 595 1602 Aut
615 1541 697 1602 enim
719 1543 841 1602 nullum
867 1544 976 1603 subest

21 1634 194 1707 periculum,
218 1651 337 1694 veneno
359 1636 492 1696 iniectas
507 1654 574 1696 esse
587 1636 715 1696 Hostias
731 1655 750 1698 a
764 1635 974 1698 schismaticis

21 1729 223 1789 sacerdotibus
245 1733 466 1802 consecratas3
488 1734 521 1790 et
542 1733 617 1790 tnnc
645 1750 663 1791 a
684 1731 898 1791 sacerdotibus
919 1750 975 1793 ca·

21 1821 132 1882 tholicis
154 1823 383 1883 consumendae
406 1824 532 1884 omnino
552 1827 663 1896 erunt,
685 1843 723 1885 ne
744 1825 974 1886 irreverentiae

21 1917 145 1990 periculo
168 1919 379 1993 exponantur.
403 1918 489 1985 Quod
513 1918 539 1978 si
559 1917 735 1995 periculum
749 1921 840 1978 adest
854 1937 974 1979 veneno

20 2007 138 2070 iniectas
160 2027 242 2083 esse,
265 2009 472 2071 asservandus
493 2014 600 2082 erunt,
623 2012 719 2070 donec
740 2011 858 2088 species
873 2029 976 2072 sacra·

20 2104 160 2163 mentales
178 2102 298 2162 fuerint
309 2103 435 2163 omnino
448 2107 634 2180 corruptae3
650 2107 684 2163 et
695 2106 770 2164 tune
783 2104 882 2164 satius
897 2102 974 2177 erit,

21 2197 50 2252 ut
68 2214 123 2255 non
144 2200 400 2267 concrementur,
416 2196 468 2255 sed
485 2199 555 2272 post
569 2195 778 2257 omnimodam
794 2195 975 2272 corruptio·

21 2289 132 2349 nemin
155 2289 332 2349 sacrarium
354 2307 407 2349 seu
429 2288 580 2366 piscinam
602 2289 798 2350 iniiciantur.

69 2385 215 2444 Ueterum
237 2401 344 2443 omnes
364 2383 492 2459 regulas
512 2388 706 2460 opportunas
729 2385 766 2444 ad
789 2385 974 2445 medendum

21 2493 48 2533 eo
67 2477 206 2551 meliori,
228 2496 287 2554 quo
309 2477 380 2537 fieri
396 2481 501 2554 potest
515 2480 615 2550 modo,
632 2476 862 2554 multiplicibus
877 2478 976 2555 iisque

21 2568 210 2644 gravissimis
233 2568 336 2640 malis,
352 2587 391 2628 ex
406 2569 548 2630 luctuoso
562 2569 744 2643 schismate,
759 2571 840 2647 qnod
855 2571 886 2629 in
902 2570 977 2630 Gal·

20 2659 63 2721 liis
81 2666 246 2741 grassatur
261 2662 392 2733 obortis,
409 2662 637 2722 constituemus
652 2661 683 2721 in
699 2663 842 2740 generali
855 2665 977 2724 Instru-

19 2755 109 2817 ctione
122 2758 164 2818 ab
178 2755 321 2816 omnibus
332 2755 504 2816 Gallicanis
516 2755 725 2816 Antistitibus
739 2757 904 2827 servanda,
921 2754 976 2816 cni

23 2850 243 2911 concinnandae
264 2849 405 2909 sedulam
428 2865 581 2910 navamus
601 2867 738 2926 operam:
763 2852 815 2909 sed
831 2849 975 2910 temnite

22 2941 51 2997 ad
65 2941 156 3002 linem
172 2943 339 3019 pervenire
354 2960 446 3019 quam
458 2942 613 3002 vellemus
629 2960 688 3001 uon
700 2943 888 3019 poterimus,
902 2958 977 3018 prc-

21 3036 118 3106 pterea
140 3036 221 3113 quod
245 3052 360 3112 graves
375 3040 547 3096 occurrunt
560 3035 773 3108 difficultates,
789 3033 978 3095 dissentien-

21 3123 93 3187 tibus
114 3129 203 3189 inter
222 3146 255 3188 se
277 3128 329 3187 vel
351 3128 427 3204 ipsis
449 3127 626 3188 Galliarum
647 3127 822 3205 Episcopis3
845 3144 976 3204 quorum

20 3235 82 3293 pars
103 3239 217 3295 unam,
251 3238 324 3298 pars
345 3220 441 3281 aliam
463 3239 482 3280 a
502 3221 601 3281 Nobis
623 3220 779 3280 rationem
802 3217 976 3297 praescribi

20 3312 121 3375 velint.
145 3316 247 3392 Perge
267 3313 409 3387 interim,
427 3315 507 3373 Ven.
529 3314 658 3389 Frater,
682 3317 719 3375 ut
740 3313 885 3390 coepisti,
908 3331 976 3375 eer-

21 3409 80 3466 tane
106 3409 223 3467 bonnm
254 3411 434 3480 certamen,
464 3408 536 3466 dnm
568 3407 632 3469 Nos
662 3406 721 3466 tibi
748 3409 974 3483 adprecamur,

21 3499 72 3561 libi
92 3503 250 3581 cupimus,
274 3502 335 3563 tibi
355 3507 557 3580 exoptamus,
579 3506 615 3563 ut
635 3505 717 3563 Deus
738 3502 883 3579 Optimus
903 3505 977 3566 Ma·
