2424 4196
610 154 788 213 -134-

220 263 344 321 modum
366 278 423 338 par
444 264 515 320 erat
535 259 722 337 gravissima
744 259 887 336 reparari
914 261 1084 332 scandala,
1106 281 1171 338 qnae

207 355 312 416 illata
332 355 363 412 in
387 354 542 430 publicum
558 357 650 413 erant
668 372 707 412 ex
725 357 774 413 tot
793 358 917 430 tamque
940 355 1119 414 enormibus
1132 356 1174 413 de-

220 450 317 521 lictis,
334 466 464 526 quorum
481 454 510 509 te
526 450 591 526 ipse
612 449 644 507 in
667 467 702 508 eo
725 448 800 507 folio
819 467 966 508 accusare
981 452 1017 509 ad
1035 450 1172 508 maiorem

208 543 432 620 poenitentiae
459 561 538 601 nunc
567 547 639 601 tuae
665 541 908 601 declarationem
939 561 997 601 non
1020 543 1172 614 dubitasti

222 642 258 697 ut
278 638 336 695 hoc
357 635 480 695 scilicet
494 637 637 712 exemplo
653 637 731 694 alios
746 641 802 695 ant
817 636 923 712 iniquo
946 637 1117 696 obstrictos
1136 638 1173 696 in·

222 730 412 801 reiurando,
435 733 491 789 aut
518 730 678 802 intrusos,
704 732 761 788 aut
788 729 1018 805 quomodolibet
1046 729 1173 789 fautores

220 824 412 900 asseclasque
442 823 585 882 hodierni
614 823 793 882 schismatis
815 825 851 882 ad
875 822 993 882 similes
1018 824 1172 883 eiurandos

222 935 358 987 errores,
373 918 410 975 ad
427 916 581 976 Ecclesias
602 915 634 973 in
658 934 790 992 quarum
805 934 836 974 se
851 934 956 976 curam
980 916 1170 986 intruserint,

223 1012 429 1082 abdicandas,
457 1029 491 1069 ac
520 1013 646 1070 taudem
672 1011 708 1070 ad
739 1013 960 1070 revertendum
987 1010 1018 1069 in
1049 1010 1171 1069 fidelium

223 1109 358 1176 coetum,
373 1104 451 1162 unde
468 1103 585 1180 perfide
599 1104 826 1176 abscesserant,
839 1103 1006 1162 excitares.
1021 1103 1100 1164 Cum
1115 1103 1172 1160 haec

223 1217 241 1258 a
264 1203 295 1258 te
317 1198 436 1257 sincere
458 1202 551 1273 atque
573 1215 611 1255 ex
633 1197 736 1255 animo
753 1215 812 1256 non
829 1196 929 1255 solum
945 1195 1120 1266 declarata,
1132 1196 1169 1254 sed

223 1291 317 1352 etiam
339 1295 467 1368 peracta
491 1290 672 1366 videamus,
695 1289 832 1349 libenter
854 1291 890 1348 ad
914 1293 984 1349 tuas
1010 1290 1170 1349 accedimus

222 1385 430 1446 sublevandas
452 1382 676 1456 necessitates,
698 1386 924 1459 proptereaque
947 1383 1125 1454 sacerdoti,
1143 1382 1170 1441 ad

182 1517 191 1526 ,
224 1478 420 1555 excipiendas
442 1476 579 1534 fidelium
606 1476 815 1536 confessiones
842 1477 1033 1552 approbato,
1057 1495 1078 1536 a
1099 1481 1171 1551 teque

222 1571 289 1647 ipso
304 1569 457 1646 eligendo,
474 1568 643 1628 facultates
660 1569 848 1628 necessarias
862 1587 897 1627 ac
912 1574 1105 1646 opportunas
1118 1587 1172 1627 con·

224 1663 374 1735 ccdimus,
390 1665 421 1721 te
443 1662 482 1721 ab
502 1661 822 1722 excommunicatione
843 1680 878 1720 ac
905 1663 1058 1739 gravibus
1080 1663 1171 1738 culpis,

224 1773 354 1833 quarum
378 1759 409 1814 te
431 1755 497 1832 ipse
518 1773 605 1814 reum
628 1755 771 1831 agnoscis
791 1758 885 1831 atque
911 1773 1062 1828 accuses,
1092 1754 1172 1816 absol·

225 1850 331 1910 vendi.
345 1850 454 1911 Nihilo
473 1854 576 1908 tamen
599 1849 700 1908 minus
721 1855 884 1926 postquam
906 1867 957 1907 eas
978 1849 1172 1910 absolutiones

213 1941 411 2014 obtinueris,
433 1943 533 2002 adhuc
554 1960 719 2019 suspensus
741 1960 903 2002 remanere
925 1942 1018 2002 debes
1040 1944 1080 2003 ab
1102 1957 1173 2000 exer·

225 2035 299 2095 citio
320 2036 538 2112 cuiuscumque
559 2035 698 2106 Ordinis,
716 2054 771 2094 nec
793 2053 851 2094 uon
874 2040 907 2094 et
928 2036 1128 2113 irregularis,
1141 2038 1172 2091 te·

225 2148 284 2207 que
300 2128 423 2188 nonnisi
446 2129 478 2186 iu
499 2129 713 2188 communione
735 2129 815 2190 laica
837 2131 1055 2190 tantummodo
1077 2125 1172 2191 consti·

225 2227 328 2282 tutum
352 2240 418 2280 esse
439 2239 577 2281 censere.

285 2313 383 2376 Nobis
400 2332 472 2373 vero
487 2333 554 2373 oum
571 2315 819 2392 perspexerimus
839 2333 930 2392 quam
952 2319 1134 2376 constanter
1151 2315 1172 2368 te

150 2459 155 2467 ‚
227 2425 318 2485 geras
339 2407 448 2466 intuo
469 2407 623 2466 sentiendi
645 2407 833 2484 vivendique
853 2409 1032 2484 proposito,
1057 2411 1173 2486 postmo-

216 2503 299 2560 dnm
321 2501 520 2559 statuendum
542 2499 628 2572 erit,
651 2500 859 2559 conveniatne
889 2505 1001 2561 novam
1024 2501 1171 2576 indulgere

218 2594 284 2655 tibi
297 2594 431 2671 gratiam
448 2595 613 2654 exercendi
626 2594 762 2671 aliquem
777 2594 923 2654 Ordinem
936 2595 1082 2671 legitime
1097 2597 1171 2654 antea

228 2708 246 2749 a
268 2695 299 2750 te
321 2694 508 2766 susceptum.
525 2692 628 2766 Atque
648 2690 710 2762 hic,
727 2689 841 2749 dilecte
856 2689 915 2762 fili,
932 2689 1171 2766 praetermittere

216 2785 290 2845 ·Nos
305 2787 437 2860 paterna
451 2782 590 2842 charitas
606 2801 663 2840 non
678 2782 767 2855 sinit,
782 2786 817 2842 ut
829 2787 861 2841 te
874 2783 969 2843 etiam
984 2784 1081 2859 atque
1095 2781 1170 2840 etiarn

226 2876 400 2936 existimo
422 2876 722 2947 cordehortemur,
744 2875 775 2932 iu
798 2893 834 2934 eo
856 2875 887 2933 in
909 2893 999 2951 quem
1026 2886 1171 2951 regressus

225 2989 259 3029 es
271 2968 371 3030 fidelis
393 2969 479 3028 vitae
491 2987 584 3028 eursu
600 2968 706 3027 sedulo
722 2985 757 3027 ac
771 2972 1013 3043 perseveranter
1027 2968 1170 3030 insistere.

226 3079 325 3138 neque
347 3062 412 3122 illis
435 3079 579 3138 umquam
594 3078 685 3120 aures
699 3061 861 3137 praebere,
877 3062 931 3137 qui
952 3065 985 3120 te
1007 3078 1123 3120 summo
1138 3073 1172 3114 co

227 3227 365 3275 voluminis
381 3229 484 3276 referre:
502 3229 531 3273 ut
545 3228 568 3273 si
583 3225 733 3285 quandoque
748 3227 890 3284 contigerit,
911 3238 1064 3293 quemquam
1080 3226 1131 3271 ains
1143 3218 1171 3264 tr

219 3303 363 3351 factionem
377 3303 482 3360 imitam',
500 3303 594 3349 habeat
609 3302 700 3348 infelix
715 3303 921 3360 istesexamplnm
941 3313 1018 3348 cerae
1034 3308 1059 3348 et
1074 3299 1172 3348 cincun

220 3378 423 3436 retractationis,
441 3377 508 3436 quod
524 3377 593 3423 omui
607 3378 718 3425 humano
735 3380 852 3436 respectu
866 3375 1123 3437 posthabitoimitari
1136 3381 1171 3418 πο·

230 3459 278 3514 qno
292 3454 394 3512 timeat,
414 3465 495 3512 neque
513 3452 653 3499 erubescat.
