2488 4204
219 346 303 407 vatis
333 345 562 406 conditionibus
590 345 628 404 de
648 344 760 422 quibus
781 360 894 423 supra,
917 347 952 403 et
978 344 1102 421 quoties
1123 361 1179 402 non

219 438 420 517 resipiscant,
436 438 639 500 declarandos
652 454 720 498 esse
730 438 884 515 privatos,
898 439 931 498 et
942 439 1098 514 quatenus
1111 453 1181 512 opus

220 533 274 607 sit,
290 533 459 610 privandos
479 536 572 593 antea
593 532 735 610 legitime
755 531 923 610 quaesitis,
944 531 1039 591 iuxta
1059 547 1182 606 respon·

220 643 288 686 sum
309 627 346 687 ad
369 626 495 685 dubium
518 627 557 686 V.

281 721 350 780 VII.
366 720 426 788 Qui
447 720 587 798 professa
607 719 761 798 religione
785 722 1021 798 apostatantes,
1044 719 1182 781 habitum

219 815 399 892 regularem
421 818 556 874 nondum
575 817 676 875 coacti
697 820 881 877 ensuerunt.

280 910 320 970 R.
336 910 384 969 Ad
407 910 475 970 VII.
493 911 553 970 Eos
567 909 604 969 de
618 911 731 987 quibus
751 911 858 988 agitor
872 911 1044 970 incurrisse
1064 909 1100 968 in
1116 927 1184 988 poe-

220 1020 276 1062 nas
291 1021 309 1063 a
324 1003 422 1062 sacris
436 1004 606 1082 canonibus
627 1008 741 1065 contra
753 1007 914 1082 apostatas
929 1007 1069 1066 statutas
1084 1003 1118 1064 in
1134 1004 1180 1064 tit.
1221 998 1222 1070 l

219 1098 259 1156 dc
279 1097 456 1173 apostatis,
473 1095 530 1156 lib.
548 1098 586 1156 V.
603 1099 729 1156 Deerat.
746 1115 813 1175 cap.
829 1099 862 1171 2,
877 1115 919 1159 ne
933 1100 1045 1158 clerici
1057 1100 1113 1158 cel
1126 1114 1183 1156 mc
1221 1103 1222 1112 ’

218 1193 321 1252 nacti
341 1192 371 1250 in
389 1195 470 1251 sext.
485 1195 520 1252 et
533 1209 600 1268 cap.
620 1192 658 1252 19
678 1209 754 1252 sess.
764 1191 811 1253 '25
825 1194 865 1253 de
878 1194 1088 1269 regularibus
1109 1194 1183 1254 Gon·

219 1285 286 1346 cilii
308 1285 500 1358 Tridentini,
515 1288 653 1363 adeoque
675 1289 843 1348 servandas
864 1303 932 1346 esse
946 1287 1075 1363 regulas
1099 1287 1183 1348 aBo-

219 1381 343 1440 nedicto
362 1381 448 1440 XIV.
465 1381 623 1454 traditas,
650 1386 716 1441 tum
738 1383 770 1440 in
803 1381 1037 1458 constitutione
1070 1381 1184 1441 Pastor

220 1476 319 1534 tortas
340 1474 403 1534 diei
426 1474 463 1533 13
484 1473 605 1550 Aprilis
627 1475 717 1550 1744,
734 1480 802 1535 tum
823 1475 856 1534 in
879 1492 973 1552 opere
995 1475 1034 1534 dc
1054 1474 1182 1554 Synodo

219 1567 418 1639 dioecesana,
435 1567 491 1627 lib.
507 1569 594 1640 XIII,
609 1585 637 1627 c.
653 1569 684 1628 2.

280 1661 364 1720 VIII.
391 1661 450 1727 Qui
472 1664 579 1738 spreta
610 1661 680 1739 lege
702 1662 937 1736 ecclesiastica,
970 1667 1027 1723 ant
1055 1662 1183 1723 solemni

220 1758 366 1813 votorum
388 1754 638 1831 nuncupatione,
651 1754 830 1814 temerario
851 1773 929 1816 ausu
951 1755 1183 1815 matrimonium

219 1846 465 1907 attentaverint.
734 1909 739 1917 ,
1223 1897 1224 1934 ζ

281 1945 320 2004 R.
337 1945 384 2003 Ad
400 1944 527 2004 dubium
550 1945 634 2003 VIII.
651 1941 750 2004 Nulla
764 1960 832 2002 esse
846 1941 1050 2004 matrimonia
1063 1948 1185 2004 contra·

219 2037 272 2097 cta
292 2041 357 2098 tam
379 2055 399 2097 a
419 2036 619 2114 regularibus
639 2053 730 2112 quam
747 2035 785 2095 ab
806 2035 1027 2096 ecclesiasticIs
1050 2039 1185 2099 saecula·

220 2131 307 2191 ribus
327 2132 364 2191 ad
387 2130 511 2206 aliquos
533 2146 636 2191 sacros
656 2128 782 2189 ordines
802 2130 966 2206 promotis,
981 2134 1016 2190 et
1037 2135 1184 2210 utrosque

220 2226 332 2285 nedum
354 2223 386 2283 in
402 2221 733 2282 excommunicationis
748 2223 936 2283 sententiam
952 2223 1019 2301 ipso
1039 2224 1127 2285 facto
1141 2227 1185 2285 in·

219 2318 357 2379 currisse
371 2315 481 2392 (Olem.
491 2333 558 2392 cap.
572 2317 655 2375 nnic.
669 2317 708 2375 dc
721 2319 937 2393 muncupata.
954 2326 985 2378 ct
1000 2317 1122 2398 offla),
1137 2318 1183 2378 sed
1224 2353 1225 2376 i

219 2411 315 2472 etiam
338 2412 496 2486 tamuam
517 2409 656 2485 bigamos
685 2409 921 2487 irregularitati
942 2412 1093 2472 obnoxios
1126 2429 1185 2473 esse

221 2511 301 2583 (cap.
319 2503 424 2565 ultim.
440 2505 480 2564 de
501 2506 639 2578 bigamis
652 2521 719 2563 noa
740 2503 938 2564 ordinandis
951 2522 1010 2565 nco
1024 2507 1185 2567 absolven-

220 2598 296 2674 dis),
312 2597 373 2656 nisi
396 2597 557 2657 derelictis
571 2597 709 2670 femiuis,
724 2599 758 2656 et
778 2597 904 2672 publico
918 2599 1065 2659 scandalo
1086 2601 1185 2678 publi·

220 2709 254 2752 ce
275 2696 433 2769 reparato.

280 2787 335 2847 IX.
352 2785 411 2853 Qui
426 2783 558 2863 publicis
580 2785 845 2846 sermonibusaut
863 2786 991 2863 scriptis
1005 2787 1184 2866 contagioni

220 2881 436 2958 propagandae
458 2879 673 2948 intenderunt,
689 2894 827 2939 errorem
849 2884 883 2939 et
897 2880 1030 2941 schisma
1048 2885 1183 2953 tuentes,

219 2974 445 3035 catholicorum
460 2975 675 3048 oppugnantes
695 2973 882 3045 doctrinam,
898 2973 1061 3033 devinctos
1083 2976 1185 3036 Eccle-

220 3069 285 3129 siae
305 3067 468 3127 ministros
489 3066 570 3125 male
591 3067 811 3139 traducentes,
835 3068 894 3126 lnuc
916 3069 1010 3143 atque
1031 3067 1109 3128 illuc
1131 3067 1185 3128 nli·

220 3163 341 3238 qnando
364 3159 431 3218 sine
452 3157 602 3219 canonica
621 3156 767 3217 missione
789 3163 957 3236 vagantes,
979 3163 1183 3237 parochorum

220 3253 396 3316 absentium
410 3250 516 3312 munia
537 3253 611 3310 data
630 3249 787 3310 occasione
809 3257 1004 3327 exercentes,
1021 3257 1116 3332 atque
1129 3254 1184 3314 illa

218 3348 314 3408 etiam
346 3362 425 3422 quae
455 3343 682 3410 iurisdictionis
704 3342 827 3403 defectu
856 3345 946 3406 nulla
975 3364 1104 3424 prorsus
1130 3365 1184 3407 ex-

221 3441 339 3502 sIstunt
359 3443 393 3498 et
413 3437 518 3499 irrita.

281 3537 321 3596 R.
336 3533 383 3593 ad
407 3532 532 3592 dubium
548 3533 604 3592 IX.
621 3533 681 3592 Eos
702 3533 866 3609 dequibus
886 3534 1007 3612 agliur,
1020 3553 1086 3594 esse
1108 3532 1184 3595 schi-
