<?xml version="1.0" encoding="UTF-8"?>
<!DOCTYPE html PUBLIC "-//W3C//DTD XHTML 1.0 Transitional//EN"
    "http://www.w3.org/TR/xhtml1/DTD/xhtml1-transitional.dtd">
<html xmlns="http://www.w3.org/1999/xhtml" xml:lang="en" lang="en">
 <head>
  <title>
</title>
<meta http-equiv="Content-Type" content="text/html;charset=utf-8" />
  <meta name='ocr-system' content='tesseract 3.04.00' />
  <meta name='ocr-capabilities' content='ocr_page ocr_carea ocr_par ocr_line ocrx_word'/>
</head>
<body>
  <div class='ocr_page' id='page_1' title='image "./piivipontmaxact01piusgoog_0071.png"; bbox 0 0 2488 4204; ppageno 0'>
   <div class='ocr_carea' id='block_1_1' title="bbox 57 317 1005 490">
    <p class='ocr_par' dir='ltr' id='par_1_1' title="bbox 57 317 1005 490">
     <span class='ocr_line' id='line_1_1' title="bbox 57 317 1005 398; baseline 0.002 -22"><span class='ocrx_word' id='word_1_1' title='bbox 57 317 131 379; x_wconf 89' lang='lat' dir='ltr'><strong>istius</strong></span> <span class='ocrx_word' id='word_1_2' title='bbox 143 320 291 380; x_wconf 88' lang='lat' dir='ltr'><strong>ecclesiae</strong></span> <span class='ocrx_word' id='word_1_3' title='bbox 313 320 504 393; x_wconf 74' lang='lat' dir='ltr'><strong>antistitem,</strong></span> <span class='ocrx_word' id='word_1_4' title='bbox 521 321 575 398; x_wconf 91' lang='lat' dir='ltr'><strong>qui</strong></span> <span class='ocrx_word' id='word_1_5' title='bbox 590 324 681 382; x_wconf 89' lang='lat' dir='ltr'><strong>tanta</strong></span> <span class='ocrx_word' id='word_1_6' title='bbox 695 337 766 380; x_wconf 89' lang='lat' dir='ltr'><strong>oum</strong></span> <span class='ocrx_word' id='word_1_7' title='bbox 780 319 830 383; x_wconf 86' lang='lat' dir='ltr'><strong>sui</strong></span> <span class='ocrx_word' id='word_1_8' title='bbox 851 337 1005 379; x_wconf 79' lang='lat' dir='ltr'><strong>comman-</strong></span> 
     </span>
     <span class='ocr_line' id='line_1_2' title="bbox 57 412 1004 490; baseline 0.002 -20"><span class='ocrx_word' id='word_1_9' title='bbox 57 413 162 472; x_wconf 83' lang='lat' dir='ltr'><strong>datione</strong></span> <span class='ocrx_word' id='word_1_10' title='bbox 184 413 320 473; x_wconf 92' lang='lat' dir='ltr'><strong>nominis</strong></span> <span class='ocrx_word' id='word_1_11' title='bbox 340 431 409 473; x_wconf 88' lang='lat' dir='ltr'><strong>eam</strong></span> <span class='ocrx_word' id='word_1_12' title='bbox 431 432 527 490; x_wconf 90' lang='lat' dir='ltr'><strong>usque</strong></span> <span class='ocrx_word' id='word_1_13' title='bbox 548 417 648 475; x_wconf 89' lang='lat' dir='ltr'><strong>adhuc</strong></span> <span class='ocrx_word' id='word_1_14' title='bbox 668 417 851 474; x_wconf 86' lang='lat' dir='ltr'><strong>moderatus</strong></span> <span class='ocrx_word' id='word_1_15' title='bbox 873 417 945 486; x_wconf 89' lang='lat' dir='ltr'><strong>est,</strong></span> <span class='ocrx_word' id='word_1_16' title='bbox 971 412 1004 472; x_wconf 90' lang='lat' dir='ltr'><strong>in</strong></span> 
     </span>
    </p>
   </div>
   <div class='ocr_carea' id='block_1_2' title="bbox 45 512 1010 3123">
    <p class='ocr_par' dir='ltr' id='par_1_2' title="bbox 45 512 1010 3123">
     <span class='ocr_line' id='line_1_3' title="bbox 54 512 1002 574; baseline 0.003 -4"><span class='ocrx_word' id='word_1_17' title='bbox 54 513 151 572; x_wconf 87' lang='lat' dir='ltr'><strong>stricta</strong></span> <span class='ocrx_word' id='word_1_18' title='bbox 173 513 330 573; x_wconf 82' lang='lat' dir='ltr'><strong>nonnullis</strong></span> <span class='ocrx_word' id='word_1_19' title='bbox 357 512 489 574; x_wconf 87' lang='lat' dir='ltr'><strong>abhinc</strong></span> <span class='ocrx_word' id='word_1_20' title='bbox 515 513 673 572; x_wconf 91' lang='lat' dir='ltr'><strong>mensibus</strong></span> <span class='ocrx_word' id='word_1_21' title='bbox 693 514 835 574; x_wconf 90' lang='lat' dir='ltr'><strong>custodia</strong></span> <span class='ocrx_word' id='word_1_22' title='bbox 856 513 1002 573; x_wconf 81' lang='lat' dir='ltr'><strong>detineri.</strong></span> 
     </span>
     <span class='ocr_line' id='line_1_4' title="bbox 52 607 1005 683; baseline 0.001 -17"><span class='ocrx_word' id='word_1_23' title='bbox 52 607 166 666; x_wconf 83' lang='lat' dir='ltr'><strong>Lenivit</strong></span> <span class='ocrx_word' id='word_1_24' title='bbox 196 610 300 668; x_wconf 90' lang='lat' dir='ltr'><strong>tamen</strong></span> <span class='ocrx_word' id='word_1_25' title='bbox 332 625 393 666; x_wconf 93' lang='lat' dir='ltr'><strong>nou</strong></span> <span class='ocrx_word' id='word_1_26' title='bbox 415 624 525 683; x_wconf 90' lang='lat' dir='ltr'><strong>parum</strong></span> <span class='ocrx_word' id='word_1_27' title='bbox 554 607 693 668; x_wconf 89' lang='lat' dir='ltr'><strong>dolorem</strong></span> <span class='ocrx_word' id='word_1_28' title='bbox 721 609 871 668; x_wconf 89' lang='lat' dir='ltr'><strong>Nostrum</strong></span> <span class='ocrx_word' id='word_1_29' title='bbox 901 607 1005 668; x_wconf 86' lang='lat' dir='ltr'><strong>virtus</strong></span> 
     </span>
     <span class='ocr_line' id='line_1_5' title="bbox 50 699 1005 779; baseline 0.001 -22"><span class='ocrx_word' id='word_1_30' title='bbox 50 704 156 773; x_wconf 81' lang='lat' dir='ltr'><strong>vestra,</strong></span> <span class='ocrx_word' id='word_1_31' title='bbox 173 705 342 778; x_wconf 86' lang='lat' dir='ltr'><strong>vestraque</strong></span> <span class='ocrx_word' id='word_1_32' title='bbox 357 700 550 775; x_wconf 90' lang='lat' dir='ltr'><strong>constantia,</strong></span> <span class='ocrx_word' id='word_1_33' title='bbox 566 700 674 761; x_wconf 90' lang='lat' dir='ltr'><strong>dilecti</strong></span> <span class='ocrx_word' id='word_1_34' title='bbox 688 700 761 774; x_wconf 88' lang='lat' dir='ltr'><strong>tilii,</strong></span> <span class='ocrx_word' id='word_1_35' title='bbox 776 719 837 779; x_wconf 89' lang='lat' dir='ltr'><strong>qua</strong></span> <span class='ocrx_word' id='word_1_36' title='bbox 857 699 1005 778; x_wconf 76' lang='lat' dir='ltr'><strong>gliscenti</strong></span> 
     </span>
     <span class='ocr_line' id='line_1_6' title="bbox 48 792 1010 872; baseline 0.002 -22"><span class='ocrx_word' id='word_1_37' title='bbox 48 792 197 853; x_wconf 76' lang='lat' dir='ltr'><strong>schismati</strong></span> <span class='ocrx_word' id='word_1_38' title='bbox 220 793 337 853; x_wconf 80' lang='lat' dir='ltr'><strong>obicem</strong></span> <span class='ocrx_word' id='word_1_39' title='bbox 353 811 506 872; x_wconf 89' lang='lat' dir='ltr'><strong>opponere</strong></span> <span class='ocrx_word' id='word_1_40' title='bbox 524 794 673 868; x_wconf 82' lang='lat' dir='ltr'><strong>curastis,</strong></span> <span class='ocrx_word' id='word_1_41' title='bbox 688 813 727 854; x_wconf 90' lang='lat' dir='ltr'><strong>ne</strong></span> <span class='ocrx_word' id='word_1_42' title='bbox 746 794 818 872; x_wconf 89' lang='lat' dir='ltr'><strong>quid</strong></span> <span class='ocrx_word' id='word_1_43' title='bbox 835 793 1010 854; x_wconf 67' lang='lat' dir='ltr'><strong>detrimen.</strong></span> 
     </span>
     <span class='ocr_line' id='line_1_7' title="bbox 48 885 1005 966; baseline 0.004 -22"><span class='ocrx_word' id='word_1_44' title='bbox 48 885 69 944; x_wconf 92' lang='lat' dir='ltr'><strong>ti</strong></span> <span class='ocrx_word' id='word_1_45' title='bbox 87 889 236 964; x_wconf 83' lang='lat' dir='ltr'><strong>caperent</strong></span> <span class='ocrx_word' id='word_1_46' title='bbox 256 887 395 948; x_wconf 88' lang='lat' dir='ltr'><strong>fidelium</strong></span> <span class='ocrx_word' id='word_1_47' title='bbox 418 888 552 962; x_wconf 91' lang='lat' dir='ltr'><strong>animae,</strong></span> <span class='ocrx_word' id='word_1_48' title='bbox 575 906 651 965; x_wconf 88' lang='lat' dir='ltr'><strong>quas</strong></span> <span class='ocrx_word' id='word_1_49' title='bbox 672 888 843 966; x_wconf 80' lang='lat' dir='ltr'><strong>acquisivit</strong></span> <span class='ocrx_word' id='word_1_50' title='bbox 859 888 1005 949; x_wconf 78' lang='lat' dir='ltr'><strong>Christus</strong></span> 
     </span>
     <span class='ocr_line' id='line_1_8' title="bbox 48 981 1004 1058; baseline 0.002 -21"><span class='ocrx_word' id='word_1_51' title='bbox 48 982 188 1058; x_wconf 84' lang='lat' dir='ltr'><strong>sanguiue</strong></span> <span class='ocrx_word' id='word_1_52' title='bbox 210 999 288 1050; x_wconf 87' lang='lat' dir='ltr'><strong>suo;</strong></span> <span class='ocrx_word' id='word_1_53' title='bbox 315 999 370 1041; x_wconf 92' lang='lat' dir='ltr'><strong>nec</strong></span> <span class='ocrx_word' id='word_1_54' title='bbox 391 999 502 1058; x_wconf 90' lang='lat' dir='ltr'><strong>parum</strong></span> <span class='ocrx_word' id='word_1_55' title='bbox 523 981 620 1042; x_wconf 90' lang='lat' dir='ltr'><strong>etiam</strong></span> <span class='ocrx_word' id='word_1_56' title='bbox 651 981 737 1040; x_wconf 87' lang='lat' dir='ltr'><strong>iuvit</strong></span> <span class='ocrx_word' id='word_1_57' title='bbox 756 984 794 1042; x_wconf 90' lang='lat' dir='ltr'><strong>ad</strong></span> <span class='ocrx_word' id='word_1_58' title='bbox 825 982 1004 1042; x_wconf 86' lang='lat' dir='ltr'><strong>leniendum</strong></span> 
     </span>
     <span class='ocr_line' id='line_1_9' title="bbox 47 1075 1006 1152; baseline -0.001 -17"><span class='ocrx_word' id='word_1_59' title='bbox 47 1077 178 1136; x_wconf 86' lang='lat' dir='ltr'><strong>dolorem</strong></span> <span class='ocrx_word' id='word_1_60' title='bbox 192 1079 344 1138; x_wconf 90' lang='lat' dir='ltr'><strong>Nostrum</strong></span> <span class='ocrx_word' id='word_1_61' title='bbox 359 1081 447 1137; x_wconf 88' lang='lat' dir='ltr'><strong>certo</strong></span> <span class='ocrx_word' id='word_1_62' title='bbox 463 1075 555 1147; x_wconf 87' lang='lat' dir='ltr'><strong>scire,</strong></span> <span class='ocrx_word' id='word_1_63' title='bbox 570 1075 748 1137; x_wconf 82' lang='lat' dir='ltr'><strong>antistitem</strong></span> <span class='ocrx_word' id='word_1_64' title='bbox 770 1081 911 1137; x_wconf 81' lang='lat' dir='ltr'><strong>vestrum</strong></span> <span class='ocrx_word' id='word_1_65' title='bbox 934 1091 1006 1152; x_wconf 91' lang='lat' dir='ltr'><strong>per-</strong></span> 
     </span>
     <span class='ocr_line' id='line_1_10' title="bbox 46 1169 1007 1248; baseline 0.002 -22"><span class='ocrx_word' id='word_1_66' title='bbox 46 1172 231 1231; x_wconf 88' lang='lat' dir='ltr'><strong>secutionem</strong></span> <span class='ocrx_word' id='word_1_67' title='bbox 252 1170 319 1247; x_wconf 91' lang='lat' dir='ltr'><strong>pati</strong></span> <span class='ocrx_word' id='word_1_68' title='bbox 340 1175 470 1246; x_wconf 88' lang='lat' dir='ltr'><strong>propter</strong></span> <span class='ocrx_word' id='word_1_69' title='bbox 490 1169 661 1243; x_wconf 83' lang='lat' dir='ltr'><strong>iustitiam,</strong></span> <span class='ocrx_word' id='word_1_70' title='bbox 683 1169 840 1248; x_wconf 87' lang='lat' dir='ltr'><strong>ipsiusque</strong></span> <span class='ocrx_word' id='word_1_71' title='bbox 861 1174 1007 1230; x_wconf 87' lang='lat' dir='ltr'><strong>constan·</strong></span> 
     </span>
     <span class='ocr_line' id='line_1_11' title="bbox 47 1263 1006 1341; baseline 0 -19"><span class='ocrx_word' id='word_1_72' title='bbox 47 1265 114 1324; x_wconf 87' lang='lat' dir='ltr'><strong>tiam</strong></span> <span class='ocrx_word' id='word_1_73' title='bbox 136 1265 168 1323; x_wconf 91' lang='lat' dir='ltr'><strong>in</strong></span> <span class='ocrx_word' id='word_1_74' title='bbox 193 1263 387 1341; x_wconf 80' lang='lat' dir='ltr'><strong>perferendis</strong></span> <span class='ocrx_word' id='word_1_75' title='bbox 416 1263 575 1326; x_wconf 82' lang='lat' dir='ltr'><strong>aerumnis</strong></span> <span class='ocrx_word' id='word_1_76' title='bbox 603 1264 746 1341; x_wconf 85' lang='lat' dir='ltr'><strong>exemplo</strong></span> <span class='ocrx_word' id='word_1_77' title='bbox 767 1264 886 1335; x_wconf 89' lang='lat' dir='ltr'><strong>fuisse,</strong></span> <span class='ocrx_word' id='word_1_78' title='bbox 911 1265 1006 1341; x_wconf 90' lang='lat' dir='ltr'><strong>atque</strong></span> 
     </span>
     <span class='ocr_line' id='line_1_12' title="bbox 46 1357 1007 1436; baseline 0.003 -22"><span class='ocrx_word' id='word_1_79' title='bbox 46 1375 103 1416; x_wconf 88' lang='lat' dir='ltr'><strong>esse</strong></span> <span class='ocrx_word' id='word_1_80' title='bbox 125 1357 315 1436; x_wconf 87' lang='lat' dir='ltr'><strong>praesertim</strong></span> <span class='ocrx_word' id='word_1_81' title='bbox 337 1357 465 1417; x_wconf 88' lang='lat' dir='ltr'><strong>buiusce</strong></span> <span class='ocrx_word' id='word_1_82' title='bbox 487 1357 640 1418; x_wconf 87' lang='lat' dir='ltr'><strong>dioecesis</strong></span> <span class='ocrx_word' id='word_1_83' title='bbox 665 1358 827 1432; x_wconf 71' lang='lat' dir='ltr'><strong>fidelibuS,</strong></span> <span class='ocrx_word' id='word_1_84' title='bbox 845 1361 880 1417; x_wconf 87' lang='lat' dir='ltr'><strong>ut</strong></span> <span class='ocrx_word' id='word_1_85' title='bbox 900 1358 931 1416; x_wconf 91' lang='lat' dir='ltr'><strong>in</strong></span> <span class='ocrx_word' id='word_1_86' title='bbox 954 1374 1007 1417; x_wconf 87' lang='lat' dir='ltr'><strong>ca·</strong></span> 
     </span>
     <span class='ocr_line' id='line_1_13' title="bbox 46 1450 1006 1530; baseline 0.002 -21"><span class='ocrx_word' id='word_1_87' title='bbox 46 1451 172 1513; x_wconf 85' lang='lat' dir='ltr'><strong>thelicae</strong></span> <span class='ocrx_word' id='word_1_88' title='bbox 207 1451 280 1511; x_wconf 90' lang='lat' dir='ltr'><strong>fidei</strong></span> <span class='ocrx_word' id='word_1_89' title='bbox 313 1452 507 1530; x_wconf 77' lang='lat' dir='ltr'><strong>professione</strong></span> <span class='ocrx_word' id='word_1_90' title='bbox 527 1451 648 1512; x_wconf 86' lang='lat' dir='ltr'><strong>firmius</strong></span> <span class='ocrx_word' id='word_1_91' title='bbox 670 1457 883 1529; x_wconf 72' lang='lat' dir='ltr'><strong>perseverent.</strong></span> <span class='ocrx_word' id='word_1_92' title='bbox 910 1450 1006 1528; x_wconf 79' lang='lat' dir='ltr'><strong>Agita</strong></span> 
     </span>
     <span class='ocr_line' id='line_1_14' title="bbox 46 1541 1007 1623; baseline 0.002 -22"><span class='ocrx_word' id='word_1_93' title='bbox 46 1541 155 1622; x_wconf 90' lang='lat' dir='ltr'><strong>itaque,</strong></span> <span class='ocrx_word' id='word_1_94' title='bbox 173 1545 285 1605; x_wconf 86' lang='lat' dir='ltr'><strong>dilecti</strong></span> <span class='ocrx_word' id='word_1_95' title='bbox 305 1545 378 1617; x_wconf 85' lang='lat' dir='ltr'><strong>filii,</strong></span> <span class='ocrx_word' id='word_1_96' title='bbox 396 1546 432 1604; x_wconf 88' lang='lat' dir='ltr'><strong>nt</strong></span> <span class='ocrx_word' id='word_1_97' title='bbox 452 1544 611 1623; x_wconf 83' lang='lat' dir='ltr'><strong>coepistis,</strong></span> <span class='ocrx_word' id='word_1_98' title='bbox 627 1548 721 1622; x_wconf 89' lang='lat' dir='ltr'><strong>atque</strong></span> <span class='ocrx_word' id='word_1_99' title='bbox 742 1551 778 1606; x_wconf 91' lang='lat' dir='ltr'><strong>ut</strong></span> <span class='ocrx_word' id='word_1_100' title='bbox 798 1545 872 1605; x_wconf 91' lang='lat' dir='ltr'><strong>boni</strong></span> <span class='ocrx_word' id='word_1_101' title='bbox 887 1544 1007 1603; x_wconf 87' lang='lat' dir='ltr'><strong>milites</strong></span> 
     </span>
     <span class='ocr_line' id='line_1_15' title="bbox 45 1637 1005 1715; baseline -0.002 -17"><span class='ocrx_word' id='word_1_102' title='bbox 45 1637 153 1698; x_wconf 75' lang='lat' dir='ltr'><strong>christi</strong></span> <span class='ocrx_word' id='word_1_103' title='bbox 179 1639 294 1698; x_wconf 89' lang='lat' dir='ltr'><strong>bonum</strong></span> <span class='ocrx_word' id='word_1_104' title='bbox 316 1641 476 1698; x_wconf 86' lang='lat' dir='ltr'><strong>certamen</strong></span> <span class='ocrx_word' id='word_1_105' title='bbox 498 1641 633 1712; x_wconf 87' lang='lat' dir='ltr'><strong>certate,</strong></span> <span class='ocrx_word' id='word_1_106' title='bbox 655 1657 711 1715; x_wconf 90' lang='lat' dir='ltr'><strong>pro</strong></span> <span class='ocrx_word' id='word_1_107' title='bbox 734 1643 821 1699; x_wconf 89' lang='lat' dir='ltr'><strong>certo</strong></span> <span class='ocrx_word' id='word_1_108' title='bbox 842 1639 1005 1709; x_wconf 87' lang='lat' dir='ltr'><strong>habentes,</strong></span> 
     </span>
     <span class='ocr_line' id='line_1_16' title="bbox 46 1733 1008 1811; baseline 0 -21"><span class='ocrx_word' id='word_1_109' title='bbox 46 1736 114 1807; x_wconf 92' lang='lat' dir='ltr'><strong>qnod</strong></span> <span class='ocrx_word' id='word_1_110' title='bbox 136 1734 243 1794; x_wconf 87' lang='lat' dir='ltr'><strong>fidelis</strong></span> <span class='ocrx_word' id='word_1_111' title='bbox 258 1738 307 1794; x_wconf 90' lang='lat' dir='ltr'><strong>est</strong></span> <span class='ocrx_word' id='word_1_112' title='bbox 327 1736 420 1806; x_wconf 91' lang='lat' dir='ltr'><strong>Deus,</strong></span> <span class='ocrx_word' id='word_1_113' title='bbox 435 1734 490 1810; x_wconf 91' lang='lat' dir='ltr'><strong>qui</strong></span> <span class='ocrx_word' id='word_1_114' title='bbox 512 1752 572 1793; x_wconf 88' lang='lat' dir='ltr'><strong>non</strong></span> <span class='ocrx_word' id='word_1_115' title='bbox 592 1735 733 1811; x_wconf 86' lang='lat' dir='ltr'><strong>patietur</strong></span> <span class='ocrx_word' id='word_1_116' title='bbox 754 1751 809 1793; x_wconf 86' lang='lat' dir='ltr'><strong>vos</strong></span> <span class='ocrx_word' id='word_1_117' title='bbox 823 1733 942 1792; x_wconf 89' lang='lat' dir='ltr'><strong>tentari</strong></span> <span class='ocrx_word' id='word_1_118' title='bbox 957 1747 1008 1790; x_wconf 89' lang='lat' dir='ltr'><strong>su-</strong></span> 
     </span>
     <span class='ocr_line' id='line_1_17' title="bbox 47 1825 1007 1904; baseline 0.002 -20"><span class='ocrx_word' id='word_1_119' title='bbox 47 1843 94 1900; x_wconf 88' lang='lat' dir='ltr'><strong>pra</strong></span> <span class='ocrx_word' id='word_1_120' title='bbox 114 1828 144 1887; x_wconf 93' lang='lat' dir='ltr'><strong>id</strong></span> <span class='ocrx_word' id='word_1_121' title='bbox 169 1826 250 1904; x_wconf 92' lang='lat' dir='ltr'><strong>quod</strong></span> <span class='ocrx_word' id='word_1_122' title='bbox 274 1827 418 1903; x_wconf 87' lang='lat' dir='ltr'><strong>potestis,</strong></span> <span class='ocrx_word' id='word_1_123' title='bbox 436 1829 487 1886; x_wconf 93' lang='lat' dir='ltr'><strong>sed</strong></span> <span class='ocrx_word' id='word_1_124' title='bbox 510 1825 606 1888; x_wconf 89' lang='lat' dir='ltr'><strong>faciet</strong></span> <span class='ocrx_word' id='word_1_125' title='bbox 620 1827 716 1888; x_wconf 90' lang='lat' dir='ltr'><strong>etiam</strong></span> <span class='ocrx_word' id='word_1_126' title='bbox 737 1844 807 1886; x_wconf 92' lang='lat' dir='ltr'><strong>cum</strong></span> <span class='ocrx_word' id='word_1_127' title='bbox 830 1827 1007 1886; x_wconf 88' lang='lat' dir='ltr'><strong>tentatione</strong></span> 
     </span>
     <span class='ocr_line' id='line_1_18' title="bbox 49 1917 1009 1998; baseline 0.001 -21"><span class='ocrx_word' id='word_1_128' title='bbox 49 1924 239 1992; x_wconf 85' lang='lat' dir='ltr'><strong>proventum,</strong></span> <span class='ocrx_word' id='word_1_129' title='bbox 255 1925 292 1980; x_wconf 90' lang='lat' dir='ltr'><strong>ut</strong></span> <span class='ocrx_word' id='word_1_130' title='bbox 313 1920 440 1998; x_wconf 88' lang='lat' dir='ltr'><strong>possitis</strong></span> <span class='ocrx_word' id='word_1_131' title='bbox 462 1920 632 1981; x_wconf 86' lang='lat' dir='ltr'><strong>sustinere.</strong></span> <span class='ocrx_word' id='word_1_132' title='bbox 655 1919 795 1981; x_wconf 85' lang='lat' dir='ltr'><strong>Maxima</strong></span> <span class='ocrx_word' id='word_1_133' title='bbox 818 1936 895 1980; x_wconf 82' lang='lat' dir='ltr'><strong>vero</strong></span> <span class='ocrx_word' id='word_1_134' title='bbox 915 1917 1009 1979; x_wconf 92' lang='lat' dir='ltr'><strong>laeti-</strong></span> 
     </span>
     <span class='ocr_line' id='line_1_19' title="bbox 51 2010 1008 2091; baseline 0.005 -23"><span class='ocrx_word' id='word_1_135' title='bbox 51 2010 85 2071; x_wconf 88' lang='lat' dir='ltr'><strong>tia</strong></span> <span class='ocrx_word' id='word_1_136' title='bbox 104 2013 227 2091; x_wconf 90' lang='lat' dir='ltr'><strong>perfusi</strong></span> <span class='ocrx_word' id='word_1_137' title='bbox 257 2012 373 2073; x_wconf 91' lang='lat' dir='ltr'><strong>fuimus</strong></span> <span class='ocrx_word' id='word_1_138' title='bbox 401 2013 690 2074; x_wconf 83' lang='lat' dir='ltr'><strong>animadvertentes</strong></span> <span class='ocrx_word' id='word_1_139' title='bbox 722 2012 903 2090; x_wconf 91' lang='lat' dir='ltr'><strong>obsequium</strong></span> <span class='ocrx_word' id='word_1_140' title='bbox 931 2029 1008 2090; x_wconf 82' lang='lat' dir='ltr'><strong>erga</strong></span> 
     </span>
     <span class='ocr_line' id='line_1_20' title="bbox 46 2104 1007 2185; baseline 0.003 -22"><span class='ocrx_word' id='word_1_141' title='bbox 46 2104 100 2164; x_wconf 91' lang='lat' dir='ltr'><strong>Nos</strong></span> <span class='ocrx_word' id='word_1_142' title='bbox 116 2111 275 2178; x_wconf 85' lang='lat' dir='ltr'><strong>vestrum,</strong></span> <span class='ocrx_word' id='word_1_143' title='bbox 290 2125 351 2183; x_wconf 91' lang='lat' dir='ltr'><strong>quo</strong></span> <span class='ocrx_word' id='word_1_144' title='bbox 366 2107 474 2169; x_wconf 85' lang='lat' dir='ltr'><strong>varias</strong></span> <span class='ocrx_word' id='word_1_145' title='bbox 492 2107 589 2168; x_wconf 92' lang='lat' dir='ltr'><strong>Nobis</strong></span> <span class='ocrx_word' id='word_1_146' title='bbox 603 2107 802 2184; x_wconf 86' lang='lat' dir='ltr'><strong>quaestiones</strong></span> <span class='ocrx_word' id='word_1_147' title='bbox 816 2106 1007 2185; x_wconf 89' lang='lat' dir='ltr'><strong>proponitis,</strong></span> 
     </span>
     <span class='ocr_line' id='line_1_21' title="bbox 49 2200 1007 2279; baseline 0.006 -23"><span class='ocrx_word' id='word_1_148' title='bbox 49 2203 78 2258; x_wconf 89' lang='lat' dir='ltr'><strong>nt</strong></span> <span class='ocrx_word' id='word_1_149' title='bbox 96 2201 259 2279; x_wconf 87' lang='lat' dir='ltr'><strong>episcopus</strong></span> <span class='ocrx_word' id='word_1_150' title='bbox 281 2204 390 2261; x_wconf 87' lang='lat' dir='ltr'><strong>vester</strong></span> <span class='ocrx_word' id='word_1_151' title='bbox 410 2219 478 2261; x_wconf 90' lang='lat' dir='ltr'><strong>eam</strong></span> <span class='ocrx_word' id='word_1_152' title='bbox 499 2201 611 2279; x_wconf 84' lang='lat' dir='ltr'><strong>agendi</strong></span> <span class='ocrx_word' id='word_1_153' title='bbox 632 2200 786 2262; x_wconf 89' lang='lat' dir='ltr'><strong>rationem</strong></span> <span class='ocrx_word' id='word_1_154' title='bbox 808 2201 906 2275; x_wconf 88' lang='lat' dir='ltr'><strong>ineat,</strong></span> <span class='ocrx_word' id='word_1_155' title='bbox 928 2219 1007 2278; x_wconf 89' lang='lat' dir='ltr'><strong>quae</strong></span> 
     </span>
     <span class='ocr_line' id='line_1_22' title="bbox 47 2294 1008 2374; baseline 0.006 -24"><span class='ocrx_word' id='word_1_156' title='bbox 47 2294 73 2350; x_wconf 88' lang='lat' dir='ltr'><strong>et</strong></span> <span class='ocrx_word' id='word_1_157' title='bbox 91 2296 195 2355; x_wconf 87' lang='lat' dir='ltr'><strong>tutior</strong></span> <span class='ocrx_word' id='word_1_158' title='bbox 216 2299 249 2355; x_wconf 92' lang='lat' dir='ltr'><strong>et</strong></span> <span class='ocrx_word' id='word_1_159' title='bbox 270 2297 370 2374; x_wconf 73' lang='lat' dir='ltr'><strong>magis</strong></span> <span class='ocrx_word' id='word_1_160' title='bbox 391 2297 622 2355; x_wconf 88' lang='lat' dir='ltr'><strong>accommodata</strong></span> <span class='ocrx_word' id='word_1_161' title='bbox 641 2295 685 2354; x_wconf 90' lang='lat' dir='ltr'><strong>sit</strong></span> <span class='ocrx_word' id='word_1_162' title='bbox 699 2295 897 2372; x_wconf 75' lang='lat' dir='ltr'><strong>gravissimis</strong></span> <span class='ocrx_word' id='word_1_163' title='bbox 918 2295 1008 2356; x_wconf 88' lang='lat' dir='ltr'><strong>malis</strong></span> 
     </span>
     <span class='ocr_line' id='line_1_23' title="bbox 46 2388 1008 2467; baseline 0.006 -23"><span class='ocrx_word' id='word_1_164' title='bbox 46 2389 199 2450; x_wconf 89' lang='lat' dir='ltr'><strong>medendis</strong></span> <span class='ocrx_word' id='word_1_165' title='bbox 218 2407 259 2448; x_wconf 86' lang='lat' dir='ltr'><strong>ex</strong></span> <span class='ocrx_word' id='word_1_166' title='bbox 276 2390 507 2450; x_wconf 81' lang='lat' dir='ltr'><strong>tamluctuoso</strong></span> <span class='ocrx_word' id='word_1_167' title='bbox 530 2389 697 2450; x_wconf 86' lang='lat' dir='ltr'><strong>schismate</strong></span> <span class='ocrx_word' id='word_1_168' title='bbox 718 2388 850 2449; x_wconf 90' lang='lat' dir='ltr'><strong>obortis.</strong></span> <span class='ocrx_word' id='word_1_169' title='bbox 867 2388 1008 2467; x_wconf 79' lang='lat' dir='ltr'><strong>Singulis</strong></span> 
     </span>
     <span class='ocr_line' id='line_1_24' title="bbox 46 2480 1008 2559; baseline 0.008 -23"><span class='ocrx_word' id='word_1_170' title='bbox 46 2485 143 2540; x_wconf 88' lang='lat' dir='ltr'><strong>autem</strong></span> <span class='ocrx_word' id='word_1_171' title='bbox 166 2480 401 2559; x_wconf 86' lang='lat' dir='ltr'><strong>quaestionibus</strong></span> <span class='ocrx_word' id='word_1_172' title='bbox 421 2483 518 2544; x_wconf 85' lang='lat' dir='ltr'><strong>Nobis</strong></span> <span class='ocrx_word' id='word_1_173' title='bbox 540 2481 720 2559; x_wconf 85' lang='lat' dir='ltr'><strong>propositis,</strong></span> <span class='ocrx_word' id='word_1_174' title='bbox 743 2500 780 2542; x_wconf 88' lang='lat' dir='ltr'><strong>ac</strong></span> <span class='ocrx_word' id='word_1_175' title='bbox 800 2498 922 2541; x_wconf 90' lang='lat' dir='ltr'><strong>summa</strong></span> <span class='ocrx_word' id='word_1_176' title='bbox 941 2499 1008 2544; x_wconf 88' lang='lat' dir='ltr'><strong>ma-</strong></span> 
     </span>
     <span class='ocr_line' id='line_1_25' title="bbox 48 2574 1009 2653; baseline 0.002 -21"><span class='ocrx_word' id='word_1_177' title='bbox 48 2574 176 2636; x_wconf 87' lang='lat' dir='ltr'><strong>turitate</strong></span> <span class='ocrx_word' id='word_1_178' title='bbox 190 2593 209 2634; x_wconf 90' lang='lat' dir='ltr'><strong>a</strong></span> <span class='ocrx_word' id='word_1_179' title='bbox 222 2575 320 2638; x_wconf 92' lang='lat' dir='ltr'><strong>Nobis</strong></span> <span class='ocrx_word' id='word_1_180' title='bbox 340 2578 513 2653; x_wconf 88' lang='lat' dir='ltr'><strong>perpensis,</strong></span> <span class='ocrx_word' id='word_1_181' title='bbox 529 2574 660 2637; x_wconf 90' lang='lat' dir='ltr'><strong>oonsilio</strong></span> <span class='ocrx_word' id='word_1_182' title='bbox 682 2575 779 2635; x_wconf 89' lang='lat' dir='ltr'><strong>etiam</strong></span> <span class='ocrx_word' id='word_1_183' title='bbox 799 2575 907 2635; x_wconf 91' lang='lat' dir='ltr'><strong>habito</strong></span> <span class='ocrx_word' id='word_1_184' title='bbox 927 2575 1009 2635; x_wconf 90' lang='lat' dir='ltr'><strong>sele-</strong></span> 
     </span>
     <span class='ocr_line' id='line_1_26' title="bbox 47 2669 1008 2731; baseline 0.005 -7"><span class='ocrx_word' id='word_1_185' title='bbox 47 2671 108 2728; x_wconf 87' lang='lat' dir='ltr'><strong>ctae</strong></span> <span class='ocrx_word' id='word_1_186' title='bbox 130 2669 360 2730; x_wconf 86' lang='lat' dir='ltr'><strong>veuerabiliom</strong></span> <span class='ocrx_word' id='word_1_187' title='bbox 381 2671 518 2731; x_wconf 84' lang='lat' dir='ltr'><strong>fratrum</strong></span> <span class='ocrx_word' id='word_1_188' title='bbox 533 2671 712 2730; x_wconf 90' lang='lat' dir='ltr'><strong>nostrorum</strong></span> <span class='ocrx_word' id='word_1_189' title='bbox 734 2687 841 2730; x_wconf 88' lang='lat' dir='ltr'><strong>sacrae</strong></span> <span class='ocrx_word' id='word_1_190' title='bbox 859 2685 1008 2730; x_wconf 87' lang='lat' dir='ltr'><strong>romanae</strong></span> 
     </span>
     <span class='ocr_line' id='line_1_27' title="bbox 47 2760 1007 2841; baseline 0.002 -23"><span class='ocrx_word' id='word_1_191' title='bbox 47 2760 197 2824; x_wconf 83' lang='lat' dir='ltr'><strong>Ecclesiae</strong></span> <span class='ocrx_word' id='word_1_192' title='bbox 237 2762 444 2823; x_wconf 87' lang='lat' dir='ltr'><strong>cardinalium</strong></span> <span class='ocrx_word' id='word_1_193' title='bbox 485 2763 741 2841; x_wconf 82' lang='lat' dir='ltr'><strong>congregationis</strong></span> <span class='ocrx_word' id='word_1_194' title='bbox 772 2763 1007 2834; x_wconf 88' lang='lat' dir='ltr'><strong>satisfecimus,</strong></span> 
     </span>
     <span class='ocr_line' id='line_1_28' title="bbox 50 2852 1010 2935; baseline -0.002 -22"><span class='ocrx_word' id='word_1_195' title='bbox 50 2855 295 2928; x_wconf 88' lang='lat' dir='ltr'><strong>quemadmodum</strong></span> <span class='ocrx_word' id='word_1_196' title='bbox 317 2875 356 2916; x_wconf 81' lang='lat' dir='ltr'><strong>ex</strong></span> <span class='ocrx_word' id='word_1_197' title='bbox 371 2857 539 2935; x_wconf 88' lang='lat' dir='ltr'><strong>responsis,</strong></span> <span class='ocrx_word' id='word_1_198' title='bbox 555 2874 634 2934; x_wconf 89' lang='lat' dir='ltr'><strong>quae</strong></span> <span class='ocrx_word' id='word_1_199' title='bbox 647 2856 775 2918; x_wconf 87' lang='lat' dir='ltr'><strong>Nostris</strong></span> <span class='ocrx_word' id='word_1_200' title='bbox 789 2856 874 2915; x_wconf 84' lang='lat' dir='ltr'><strong>bisce</strong></span> <span class='ocrx_word' id='word_1_201' title='bbox 886 2852 1010 2915; x_wconf 87' lang='lat' dir='ltr'><strong>litteris</strong></span> 
     </span>
     <span class='ocr_line' id='line_1_29' title="bbox 50 2947 1010 3028; baseline 0 -22"><span class='ocrx_word' id='word_1_202' title='bbox 50 2948 236 3012; x_wconf 82' lang='lat' dir='ltr'><strong>adnectimus</strong></span> <span class='ocrx_word' id='word_1_203' title='bbox 258 2950 503 3028; x_wconf 86' lang='lat' dir='ltr'><strong>deprehenditis.</strong></span> <span class='ocrx_word' id='word_1_204' title='bbox 527 2950 739 3028; x_wconf 87' lang='lat' dir='ltr'><strong>Apostolioam</strong></span> <span class='ocrx_word' id='word_1_205' title='bbox 761 2949 891 3010; x_wconf 90' lang='lat' dir='ltr'><strong>interim</strong></span> <span class='ocrx_word' id='word_1_206' title='bbox 918 2947 1010 3006; x_wconf 86' lang='lat' dir='ltr'><strong>bene·</strong></span> 
     </span>
     <span class='ocr_line' id='line_1_30' title="bbox 49 3041 1005 3123; baseline 0.001 -24"><span class='ocrx_word' id='word_1_207' title='bbox 49 3041 208 3104; x_wconf 89' lang='lat' dir='ltr'><strong>dictionem</strong></span> <span class='ocrx_word' id='word_1_208' title='bbox 231 3045 332 3118; x_wconf 87' lang='lat' dir='ltr'><strong>vobis,</strong></span> <span class='ocrx_word' id='word_1_209' title='bbox 348 3045 457 3106; x_wconf 89' lang='lat' dir='ltr'><strong>dilecti</strong></span> <span class='ocrx_word' id='word_1_210' title='bbox 479 3044 551 3120; x_wconf 93' lang='lat' dir='ltr'><strong>filii,</strong></span> <span class='ocrx_word' id='word_1_211' title='bbox 574 3048 774 3123; x_wconf 89' lang='lat' dir='ltr'><strong>peramanter</strong></span> <span class='ocrx_word' id='word_1_212' title='bbox 794 3041 1005 3120; x_wconf 89' lang='lat' dir='ltr'><strong>impertimur.</strong></span> 
     </span>
    </p>
   </div>
   <div class='ocr_carea' id='block_1_3' title="bbox 48 3135 1008 3304">
    <p class='ocr_par' dir='ltr' id='par_1_3' title="bbox 48 3135 1008 3304">
     <span class='ocr_line' id='line_1_31' title="bbox 102 3135 1008 3216; baseline -0.006 -18"><span class='ocrx_word' id='word_1_213' title='bbox 102 3140 214 3200; x_wconf 87' lang='lat' dir='ltr'><strong>Datum</strong></span> <span class='ocrx_word' id='word_1_214' title='bbox 241 3141 370 3210; x_wconf 88' lang='lat' dir='ltr'><strong>Romae,</strong></span> <span class='ocrx_word' id='word_1_215' title='bbox 400 3141 480 3216; x_wconf 90' lang='lat' dir='ltr'><strong>apud</strong></span> <span class='ocrx_word' id='word_1_216' title='bbox 507 3140 541 3200; x_wconf 89' lang='lat' dir='ltr'><strong>S.</strong></span> <span class='ocrx_word' id='word_1_217' title='bbox 565 3139 699 3200; x_wconf 85' lang='lat' dir='ltr'><strong>Mariam</strong></span> <span class='ocrx_word' id='word_1_218' title='bbox 728 3137 879 3197; x_wconf 90' lang='lat' dir='ltr'><strong>Maiorem</strong></span> <span class='ocrx_word' id='word_1_219' title='bbox 906 3135 957 3194; x_wconf 88' lang='lat' dir='ltr'><strong>die</strong></span> <span class='ocrx_word' id='word_1_220' title='bbox 980 3135 1008 3194; x_wconf 88' lang='lat' dir='ltr'>V</span> 
     </span>
     <span class='ocr_line' id='line_1_32' title="bbox 48 3227 1005 3304; baseline 0.001 -18"><span class='ocrx_word' id='word_1_221' title='bbox 48 3227 186 3291; x_wconf 89' lang='lat' dir='ltr'><strong>Octobris</strong></span> <span class='ocrx_word' id='word_1_222' title='bbox 208 3232 434 3304; x_wconf 83' lang='lat' dir='ltr'><strong>MDOOXOIII,</strong></span> <span class='ocrx_word' id='word_1_223' title='bbox 456 3231 665 3292; x_wconf 82' lang='lat' dir='ltr'><strong>Pontificatus</strong></span> <span class='ocrx_word' id='word_1_224' title='bbox 685 3229 796 3292; x_wconf 89' lang='lat' dir='ltr'><strong>Nostri</strong></span> <span class='ocrx_word' id='word_1_225' title='bbox 817 3246 897 3288; x_wconf 87' lang='lat' dir='ltr'><strong>anno</strong></span> <span class='ocrx_word' id='word_1_226' title='bbox 919 3228 1005 3288; x_wconf 86' lang='lat' dir='ltr'><strong>XIX.</strong></span> 
     </span>
    </p>
   </div>
   <div class='ocr_carea' id='block_1_4' title="bbox 0 0 1248 4204">
    <p class='ocr_par' dir='ltr' id='par_1_4' title="bbox 0 0 1248 4204">
     <span class='ocr_line' id='line_1_33' title="bbox 0 0 1248 4204; baseline 0 0"><span class='ocrx_word' id='word_1_227' title='bbox 0 0 1248 4204; x_wconf 95' lang='lat' dir='ltr'><strong> </strong></span> 
     </span>
    </p>
   </div>
  </div>
 </body>
</html>
