2424 4196
69 364 98 420 4.
122 362 186 428 Qui
207 364 374 423 secundnm
397 363 475 422 illud
499 363 711 422 iuramentum
733 363 919 439 emiserunt,
938 383 978 426 ne

17 471 109 514 annua
132 453 195 514 sibi
217 456 323 516 debite
341 457 488 534 pensione
503 460 663 530 carerent,
678 461 894 534 poteruntne,
909 460 979 519 ebs·

17 565 65 622 qne
86 547 217 624 publice
238 549 466 611 retractatione
481 551 581 622 illius,
597 551 713 611 dictem
727 551 907 629 pensionem
923 571 977 612 re-

17 639 112 716 cipere
136 646 172 702 et
193 642 366 719 requirere,
388 644 542 720 quianon
565 643 818 720 persolveretur,
840 644 866 703 si
888 643 979 704 inno-

15 736 148 795 tesceret
159 736 362 798 retractetiol
372 739 405 797 ln
418 737 475 796 hoc
486 755 559 797 casu
571 741 647 797 sunt
658 741 724 797 tum
739 737 834 798 multi
846 737 977 816 Equites

13 827 137 888 Ordinis
153 829 306 890 militaris
318 830 418 890 sancti
430 831 596 904 Ludovici,
609 831 662 908 qui
678 833 716 890 ed
732 833 977 892 conservandam

13 925 203 982 castrensem
225 923 407 1000 pensionem
429 923 614 1003 iampridem
636 925 809 999 obtentam,
832 930 900 987 tum
914 944 979 986 mo·

15 1015 108 1076 nieles
122 1034 217 1094 quoe,
233 1035 273 1077 ne
287 1017 495 1078 constitutum
517 1037 598 1078 nuno
614 1018 690 1096 ipsis
711 1017 888 1080 vitalitium
909 1037 980 1080 oen·

14 1126 74 1168 rum
97 1110 304 1185 amitterent,
328 1111 444 1171 dictum
466 1113 678 1172 iuramentum
701 1111 884 1172 emiserunt.

67 1203 108 1262 R.
134 1204 182 1262 Ad
206 1204 353 1277 tertium,
375 1205 610 1265 rescribendum
626 1205 790 1267 mandarit
811 1207 889 1266 sutis
903 1223 978 1284 pro-

14 1295 112 1354 visum
135 1295 169 1355 in
191 1297 392 1373 responsione
414 1299 452 1359 ed
475 1301 655 1360 secundum.

60 1390 110 1448 lix
121 1387 542 1464 aedibusQnirinnlibus,die
554 1393 659 1453 xxvi
672 1391 744 1452 Iulii
757 1393 975 1455 Mbooxow.

453 1485 493 1544 F.
511 1485 552 1544 X.
571 1482 669 1544 θανά.
686 1485 733 1546 De
752 1486 891 1552 rezeda.

396 1655 587 1717 xxvru.

324 1773 519 1818 vnuunsnmr
539 1775 660 1820 rnsrnr

313 1915 474 1995 Episcopo
494 1917 666 1979 Leodiemi

223 2076 257 2152 P
277 2076 294 2153 l
312 2077 351 2158 U
371 2077 397 2156 S
451 2078 485 2156 P
503 2080 538 2155 A
556 2079 590 2155 P
607 2080 642 2155 A
696 2077 763 2157 VI.

131 2265 221 2322 Ven.
242 2264 376 2338 Frater,
390 2265 543 2325 flelntem
565 2269 601 2324 et
620 2267 859 2336 Apostolioem

347 2360 644 2418 Benedictionem.

72 2503 214 2569 Quantus
240 2501 331 2565 dolor
357 2508 423 2568 Nos
444 2507 601 2568 invaserit
622 2507 759 2585 primum
781 2523 820 2568 ex
846 2505 982 2585 publicis

17 2595 146 2668 nunciis,
162 2600 230 2656 tum
252 2615 292 2657 ex
305 2599 441 2659 Litteris
456 2600 543 2675 Tuis,
557 2602 637 2662 Ven.
651 2601 780 2675 Frater,
796 2599 977 2676 diequarte

17 2690 151 2764 Augusti
172 2690 268 2763 detis,
291 2691 358 2769 ipse
379 2692 481 2769 magis
503 2694 655 2772 colligere
677 2697 779 2772 potes,
808 2711 900 2770 quem
916 2694 981 2754 Nos

20 2773 184 2856 explic'ere,
207 2801 278 2844 cum
300 2789 364 2844 tem
387 2789 518 2862 repente
539 2804 720 2846 conversam
737 2785 810 2846 istic
825 2785 900 2845 belli
915 2786 981 2844 for-

22 2875 121 2933 tunam
142 2874 408 2953 intelligeremus,
431 2895 468 2937 ao
489 2881 562 2955 post
582 2881 632 2940 tot
652 2878 795 2956 Belgicae
807 2875 979 2938 catholicas

22 2965 106 3026 urbes
126 2974 234 3047 captas
255 2970 456 3049 direptesqne
478 2973 517 3032 ab
537 2972 764 3033 immanissimo
787 2968 978 3054 Religionis,

20 3059 130 3136 Deiqne
151 3063 274 3140 ipsius,
305 3083 360 3124 nec
382 3083 442 3124 non
464 3069 499 3125 et
519 3067 675 3128 communi
698 3064 826 3127 hnmani
848 3063 980 3123 Generis

21 3153 122 3227 hoste,
144 3158 207 3218 iam
235 3175 303 3218 esse
324 3158 355 3218 in
378 3160 528 3220 maiorem
551 3161 647 3220 etiem
669 3162 756 3220 Tune
780 3158 915 3219 Ditionis
944 3175 979 3218 ec

21 3246 168 3309 llioecesis
195 3254 320 3327 partem
341 3252 409 3312 eius
430 3269 589 3313 armorum
611 3253 677 3312 rim
699 3253 846 3325 illatem3
876 3251 980 3328 Teque

22 3346 183 3416 propterea
203 3348 346 3405 coactum
369 3363 439 3406 cum
461 3346 611 3406 universo
631 3348 722 3408 clero
745 3352 801 3408 tuo
822 3350 888 3406 tem
908 3344 982 3406 Sue·

22 3432 119 3494 colari
137 3456 228 3515 quom
250 3439 416 3516 Regnleri,
439 3458 478 3498 ex
499 3439 605 3518 impiis
625 3441 767 3501 manibus
782 3440 856 3518 inge
870 3455 981 3500 rnrsns

24 3525 172 3604 subtrahi,
194 3548 229 3591 eo
244 3530 277 3590 in
293 3536 398 3591 tutum
414 3533 559 3591 evadere.
575 3533 653 3594 Cum
668 3533 807 3595 maxime
820 3533 891 3594 inde
905 3548 980 3610 pers
1074 3529 1079 3539 “

117 3649 173 3706 Vol.
190 3655 234 3705 ΙΙ.
874 3663 887 3706 7
