2424 4196
634 243 811 305 -110-

240 351 320 409 Sede
346 351 535 426 apostoliea,
559 353 733 426 esponeodo
761 353 846 412 tutte
875 352 904 411 la
934 351 1117 411 oinoostaoae
1144 351 1183 408 del

240 444 332 516 fatto,
355 445 425 524 ein
448 444 571 521 seguito
593 445 679 504 dalla
700 445 867 506 medesima
889 445 914 504 si
937 447 1076 506 daranno
1096 445 1123 504 le
1142 462 1186 521 op·

241 541 376 612 pontone
399 537 599 614 providente.

300 631 392 690 XXII
412 630 516 707 April.
533 631 736 692 Muccxov.

571 841 722 897 Latina
742 845 879 897 venio

549 1015 902 1076 RESPONSUM

325 1201 494 1261 Memoriae
511 1217 533 1259 a
550 1199 592 1260 Te
604 1199 647 1278 (l)
661 1203 872 1284 transmissae
884 1205 1022 1301 epistola
1043 1203 1121 1262 data

543 1300 596 1358 die
617 1299 639 1356 8
659 1297 780 1357 Martii
794 1296 888 1359 1795.

296 1477 373 1538 Gum
395 1475 511 1534 selecta
532 1476 744 1552 Congregatio
767 1491 823 1550 pro
845 1475 983 1552 negociis
1011 1474 1181 1536 ecelesiasti-

240 1571 285 1630 ois
309 1568 483 1630 Galliarum
508 1568 682 1644 praefatam
699 1567 881 1628 memoriam
908 1568 975 1628 rite*
995 1569 1181 1646 expenderit,

239 1662 405 1723 constituit
418 1662 567 1738 probante
580 1657 677 1720 ssmo
686 1661 817 1720 Domino
829 1661 957 1734 Nostro,
967 1661 1017 1721 illi
1030 1680 1119 1740 aquo
1129 1679 1182 1739 pm·
1201 1723 1203 1754 ἢ

239 1758 339 1836 posita
360 1756 432 1829 fuit,
446 1774 482 1815 aa
496 1755 676 1833 significare
691 1773 769 1833 quae
783 1756 868 1815 eirea
882 1756 1053 1831 petitiones
1068 1758 1181 1817 eiusdem
1201 1767 1203 1838 ἐ

237 1852 406 1911 memoriae
427 1850 603 1910 constituta
624 1854 708 1909 sunt.
1201 1841 1203 1846 ‘

300 1947 327 2006 l.
352 1945 472 2005 Potitio
494 1942 595 2020 prima
616 1943 748 2020 respicit
763 1944 974 2005 iuramentum
991 1944 1147 2024 libertatis
1162 1945 1184 2000 et

238 2037 452 2116 aequalitatis.

297 2135 336 2193 R.
346 2133 452 2198 Quoad
466 2131 545 2190 hano
557 2128 756 2205 petitionem,
771 2128 905 2189 sufficiat
918 2129 1055 2203 novisse,
1070 2132 1182 2191 nondun

237 2245 256 2286 a
277 2225 454 2284 Sanctitate
476 2225 538 2282 Sua
560 2222 719 2299 prolatum
734 2222 827 2282 foisse
844 2223 981 2283 solemne
1007 2223 1181 2285 definitivum

237 2319 386 2377 iudicium
408 2319 444 2376 de
466 2317 628 2393 praedicto
652 2317 841 2376 iuramento:
859 2333 895 2375 ao
910 2319 1127 2378 tautummodo
1140 2331 1183 2374 mo

236 2412 321 2472 nitos
348 2411 442 2471 fuisse
464 2414 531 2470 tum
554 2410 651 2470 laioos
673 2414 738 2470 tum
763 2409 1016 2482 Ecclesiasticus,
1045 2411 1100 2486 qui
1125 2405 1181 2469 illul

237 2504 415 2576 ediderunt,
431 2512 469 2562 at
482 2504 656 2564 consulant
670 2503 889 2562 conscientiae
904 2518 992 2574 suae,
1009 2521 1083 2563 cam
1098 2505 1133 2562 in
1144 2501 1182 2558 da

238 2601 288 2659 bio
310 2600 422 2657 iurare
442 2615 510 2657 ooo
539 2599 652 2668 liceat,
678 2595 724 2656 uti
746 2597 836 2673 patet
856 2613 896 2653 ex
918 2596 1100 2657 duodecimo
1121 2597 1200 2655 iuter:

234 2693 407 2767 Responsa,
424 2709 502 2768 quae
518 2691 605 2751 dedit
619 2689 778 2749 Sanctitas
792 2689 856 2748 Sua
871 2690 908 2748 de
924 2688 1056 2748 oonsilio
1071 2690 1179 2750 solata

181 2810 183 2816 ¹
235 2785 450 2848 Gardinalium
471 2783 734 2862 Congregationis
755 2781 890 2842 diversis
911 2779 1180 2858 quaestionibusei·

297 2946 333 3001 (1)
348 2945 397 2990 Hie
413 2943 568 2990 adamussim
589 2942 681 2989 titulus
704 2942 815 2988 ooourrit
835 2940 864 2988 in
882 2939 992 2988 diversis
1012 2940 1180 2990 consationibus

234 3022 358 3067 dotorum
371 3019 411 3067 Pii
427 3021 463 3066 VI
480 3020 553 3066 editis
570 3015 587 3064 ὰ
604 3015 683 3065 Paria
701 3013 796 3075 littae
812 3015 895 3063 Rome
912 3018 982 3076 1800,
996 3017 1180 3077 quintamanin-

234 3097 358 3154 autemut,
377 3108 392 3142 a
408 3107 457 3153 quo
475 3091 605 3141 Memorio
620 3093 743 3152 prodierit
758 3095 784 3140 et
800 3093 909 3151 epistola
926 3093 1023 3152 aoripta
1039 3095 1123 3142 tuerit.
1134 3095 1181 3149 op·
1197 3111 1198 3116 ¹

233 3184 278 3218 rae
292 3171 403 3231 pretium
419 3170 511 3217 luisset
525 3171 593 3217 hano
609 3169 728 3216 notitiam
743 3168 834 3214 leotoii
850 3168 1022 3229 suppeditare
1033 3181 1113 3228 nequo
1127 3163 1180 3218 valle

234 3247 335 3294 diffloile
355 3247 449 3294 luisset
464 3247 492 3292 in
507 3247 556 3293 hao
574 3245 650 3292 Urbe.
674 3242 705 3290 Id
721 3246 807 3292 autem
829 3245 908 3292 terma
924 3245 1081 3304 impossibile
1100 3243 1179 3292 evasit.

233 3325 368 3381 postquam
384 3323 509 3370 nonnulla
525 3322 687 3381 apostolieae
704 3321 778 3370 sodis
794 3323 908 3380 archiva,
926 3335 1015 3370 eorum
1035 3323 1107 3369 iussu
1122 3317 1179 3370 ad

234 3397 278 3456 qui
293 3399 366 3446 modo
382 3400 442 3446 huio
458 3400 564 3446 sanotae
574 3399 674 3446 civitati
683 3399 807 3446 ineubant
822 3399 848 3445 ot
858 3399 1030 3456 dominantur,
1044 3398 1130 3446 alonia
1143 3391 1180 3442 eui!

233 3471 330 3520 dimota
345 3475 373 3520 iu
390 3475 442 3522 alia
457 3486 624 3533 praepropere
641 3475 726 3532 atque,
739 3477 769 3522 at
784 3475 813 3522 in
829 3475 955 3522 similibus
974 3475 1115 3523 undenario
1135 3481 1180 3518 eou-

233 3549 317 3609 tlnadt,
330 3550 482 3599 inordinato
498 3551 626 3598 translata
642 3553 710 3598 nunt.
