2426 4192
22 344 178 415 calcatam,
205 343 359 402 violatam
380 341 613 402 immunitatem
624 342 791 414 Ecclesiae,
807 341 973 419 expulsum

21 453 70 524 per
89 435 299 496 execrabilem
312 435 377 494 vim
397 454 416 495 a
436 437 508 495 sede
524 454 580 495 sua
600 435 785 496 Pontificem
798 438 974 496 Romanum

21 529 154 590 audistis.
170 533 278 608 Neque
299 531 382 590 enim
404 531 476 591 fleri
496 535 634 609 poterat,
650 532 681 589 in
701 533 767 590 tam
782 529 907 590 funesta
927 530 976 591 rei

21 624 205 684 christianae
226 625 320 702 plaga
340 625 414 702 quin
438 625 626 702 gravissimo
647 624 736 683 luctu
751 640 806 683 vos
819 623 975 700 opprime·
1044 668 1049 675 .

22 717 147 791 remini,
174 717 226 794 qui
249 718 344 794 primi
363 718 500 778 omnium
528 719 562 777 in
590 718 748 779 Ecclesiae
777 717 900 777 unitate
928 720 978 777 te-

21 811 111 870 nenda
127 812 303 886 tuendaque
319 815 383 871 tam
398 812 511 872 acerba
521 815 614 889 atque
634 810 775 888 indigna,
796 812 860 870 tam
876 810 976 869 admi-

21 903 104 962 rabili
127 904 306 964 constantia
327 908 420 981 atque
442 905 610 964 alacritate
638 903 719 982 passi
740 902 828 962 estis.
848 904 906 962 Est
926 904 976 962 ta-

20 1013 81 1054 men
102 997 183 1074 qnod
206 996 368 1058 laetemini
380 997 411 1055 in
428 1016 463 1056 eo
483 998 603 1069 dolore,
629 1013 721 1072 qoem
741 993 975 1055 acerbissimum

21 1105 53 1146 ex
72 1088 229 1149 Ecclesiae
259 1088 439 1163 aerumnis,
462 1091 556 1166 atque
585 1107 625 1149 ex
645 1087 845 1166 oppressione
869 1091 977 1148 nostra

20 1182 186 1258 percipitis.
203 1183 280 1242 (lum
295 1183 378 1241 enim
400 1200 456 1242 vos
471 1182 566 1260 primi
581 1183 620 1243 ad
635 1180 802 1258 imaginem
823 1179 977 1255 passionis

19 1274 132 1335 Christi
148 1274 336 1336 conformati
351 1279 443 1336 tanta
464 1275 629 1349 firmitate,
651 1275 799 1352 quantam
815 1273 899 1333 orbis
914 1277 979 1332 ter-

22 1384 119 1426 rarum
137 1368 302 1428 universus
317 1369 491 1429 demiratus
505 1372 565 1443 est,
578 1373 644 1428 tam
655 1365 768 1445 gravia
778 1366 978 1443 pertuleritis

21 1475 70 1534 pro
90 1460 245 1534 Ecclesia,
261 1461 385 1521 virtute
407 1465 517 1520 vestra
544 1462 687 1539 exemplo
713 1459 894 1519 infirmitati
915 1461 979 1520 No·

21 1556 97 1613 strae
111 1553 233 1628 fuistis,
250 1556 287 1613 ut
300 1556 364 1616 Nos
379 1555 411 1614 in
425 1554 587 1614 laboribus
602 1553 801 1630 gravissimis
821 1553 979 1612 sustinen-

22 1644 61 1702 dis
81 1646 261 1706 imitatores
275 1650 403 1705 vestrae
423 1645 620 1705 fortitudinis
638 1644 796 1718 fieremus,
811 1650 845 1705 et
858 1646 979 1706 laetan-

22 1740 64 1796 tes
83 1758 102 1799 a
121 1741 290 1816 conspectu
311 1738 511 1798 inimicorum
531 1741 722 1800 Nostrorum
744 1738 878 1812 iremns;
904 1757 979 1816 quo·

23 1829 96 1890 niam
118 1832 331 1908 spectaculum
346 1832 471 1906 mundo,
486 1832 617 1910 Angelis
631 1835 665 1892 et
679 1831 856 1892 hominibus
877 1833 980 1892 vobis-

23 1941 83 1983 cum
110 1925 199 1996 facti‚
230 1925 319 2003 digni
339 1926 441 1986 habiti
462 1943 567 1985 sumus
589 1942 645 2002 pro
666 1925 800 1987 Nomine
825 1927 892 1985 Iesu
911 1924 979 2003 pati

23 2018 248 2078 contumeliam.

75 2113 184 2188 Itaque
204 2112 400 2172 consolemur
420 2114 484 2173 Nos
504 2112 651 2184 invicem,
672 2110 877 2172 Venerabiles
898 2111 980 2171 Fra·

24 2209 92 2278 tres,
116 2223 186 2264 nam
209 2205 270 2264 etsi
292 2206 458 2267 tribulatio
471 2207 591 2267 Nostra
611 2210 702 2266 tauta
716 2205 770 2278 sit,
786 2208 903 2281 quanta
924 2206 981 2264 hu-

24 2299 116 2358 manis
137 2299 260 2358 viribus
280 2298 427 2358 videatur
448 2298 527 2358 ferri
548 2317 610 2358 non
632 2316 732 2375 posse,
749 2301 843 2359 aDeo
862 2300 978 2371 tamen,

23 2409 39 2449 a
57 2410 115 2468 qno
129 2391 229 2451 omnis
242 2390 396 2450 fortitudo
408 2395 469 2464 eet,
484 2391 583 2468 etqui
599 2392 766 2451 Nobiscum
783 2409 816 2451 se
837 2390 980 2452 futurum

25 2501 113 2561 usque
128 2487 165 2545 ad
180 2485 297 2545 saeculi
308 2485 607 2545 consummationem
622 2485 780 2562 promisit,
788 2484 980 2544 adiutorium

24 2577 195 2639 huiusmodi
210 2579 373 2652 habemus,
389 2582 426 2638 ut
436 2596 504 2638 eam
515 2580 580 2639 Nos
595 2596 654 2638 non
669 2581 852 2639 constanter
867 2578 980 2650 solum,

25 2672 72 2728 sed
93 2690 161 2732 oum
183 2673 297 2750 gaudio
312 2672 409 2731 etiam
424 2671 565 2748 perferre
580 2671 745 2749 possimus.
763 2671 821 2732 Sed
835 2670 981 2747 quoniam
1018 2749 1021 2756 Ι

26 2767 274 2838 quemadmodum
288 2765 326 2824 ad
337 2764 525 2824 Flavianum
537 2765 671 2826 Sanctus
682 2767 745 2826 Leo
762 2766 893 2841 Magnus
905 2764 983 2824 scri·

27 2855 126 2931 bebat,
151 2858 243 2918 Licet
264 2859 510 2936 maynifieemus
531 2858 654 2931 Deum,
678 2861 738 2937 qui
767 2875 825 2917 uos
852 2859 983 2934 pratiae

26 2966 95 3009 suae
113 2955 236 3011 virtute
258 2952 434 3027 confortat,
459 2968 582 3012 necesse
606 2961 653 3012 est
674 2961 785 3011 tamea
803 2967 862 3008 nos
876 2950 983 3009 dolere

26 3056 127 3101 eorum
147 3046 275 3115 ruinas,
291 3059 352 3119 per
372 3060 450 3121 quos
463 3047 587 3103 ceritas
610 3046 835 3121 impupaotur,
858 3048 890 3100 et
911 3043 983 3116 ipsa

27 3135 117 3194 totius
131 3135 296 3196 Ecclesiae
305 3135 528 3212 fundamenta
538 3137 749 3212 quatiuntur,
763 3135 922 3211 rogandus
933 3135 984 3193 est

26 3222 230 3288 indesinenter
251 3230 289 3288 Ι).
304 3229 344 3289 Ν.
369 3229 455 3288 Iesus
474 3228 630 3300 Christus,
646 3227 700 3303 qui
715 3245 821 3287 omnes
841 3226 983 3288 homines

28 3317 124 3380 salvos
151 3320 222 3380 fieri
251 3321 341 3393 vult,
369 3325 403 3383 et
429 3321 522 3398 cuius
541 3320 761 3382 miserationes
789 3323 863 3381 sunt
890 3337 984 3398 super

28 3413 122 3474 omnia
135 3432 230 3493 opera
243 3414 331 3488 Eius,
354 3417 391 3475 ut
412 3433 430 3474 a
450 3418 541 3475 tanto
556 3415 696 3492 periculo
711 3415 889 3492 redemptos
912 3433 983 3475 san-

30 3504 115 3578 guine
136 3526 192 3568 suo
212 3506 351 3580 liberet3
377 3524 475 3582 neque
495 3506 638 3583 patiatur
659 3506 691 3566 in
716 3511 782 3568 tam
810 3508 983 3570 multorum

846 3610 865 3647 ί
