2424 4196
36 319 93 378 per
113 305 189 362 tous
211 302 242 361 le
256 302 386 361 Fratres
407 300 620 378 Catholiques‚
640 304 746 360 tontes
766 300 814 361 les
834 298 893 358 fois
913 299 1007 377 qu'ils

36 395 264 472 expliqueront
285 395 316 454 la
330 396 436 472 parole
456 397 493 454 de
514 397 605 468 Dieu;
621 398 654 454 et
674 413 734 454 uns
749 394 881 472 pareille
901 393 1008 454 Indul·

37 507 132 564 genoe
154 505 239 565 pour
253 492 324 548 tous
344 489 391 548 les
407 489 515 549 fideles
536 489 589 566 qui
611 491 796 548 secuteront
808 505 885 547 aveo
905 489 1010 547 atten-

38 580 103 640 tion
128 584 217 641 cetto
239 581 442 657 explication.

94 677 188 734 Pour
209 693 329 752 gagner
349 691 398 734 ces
421 675 635 752 indulgencss,
650 673 675 734 il
695 673 765 734 faut
786 691 817 734 aa
838 673 1007 746 confessor,

33 773 186 832 recevoir
207 772 253 832 les
275 773 467 834 Tres-Saint
495 774 679 834 Saorement
700 774 738 833 de
764 769 1008 843 l'Euoharistie‚

33 866 127 941 prior
156 883 238 942 pour
258 867 374 926 l'union
408 871 441 926 et
462 867 494 928 la
514 868 664 926 concorde
686 867 739 926 des
764 865 894 925 Prinoes
915 864 1011 924 (ihre-

33 958 136 1031 tiens,
159 975 243 1034 pour
263 959 482 1035 l’oxtirpation
504 959 558 1019 des
579 958 736 1032 heresies,
763 975 843 1035 pour
863 956 1011 1018 l'exalte·

34 1051 103 1110 tion
121 1053 162 1111 de
184 1056 276 1111 notre
291 1055 377 1112 More
397 1055 429 1114 la
452 1053 561 1113 Sainte
576 1052 681 1131 Egliss
703 1053 865 1126 Romame,
881 1055 915 1112 et
929 1051 1010 1111 inire

34 1145 147 1206 tontes
169 1144 217 1205 les
238 1148 345 1206 autres
366 1164 491 1208 oeuvres
511 1147 671 1224 indiquees
692 1147 858 1207 ci-dessus.

473 1329 583 1387 xlx.

357 1446 551 1494 vnnnnnsmr
570 1450 691 1494 rasum

202 1633 207 1644 ·
262 1596 433 1658 YVONI
465 1598 797 1660 ALEXANDRO

287 1701 534 1824 Arcdiepisoopo
554 1745 769 1825 Lupdunensi

227 1909 426 1992 PIUS
489 1910 708 1989 PAPA
766 1911 833 1990 VI.

160 2107 252 2203 Van:
273 2105 406 2178 Frater,
428 2107 581 2166 Salutem
602 2111 639 2165 et
657 2107 894 2178 apostolicam

382 2203 680 2262 Benedictionem.

103 2362 179 2424 Etsi
201 2368 293 2423 notae
315 2362 413 2424 Nobis
435 2365 510 2436 sint,
530 2363 722 2423 venerabilis
743 2364 855 2432 frater,
872 2361 1017 2421 eeclesia·

45 2457 201 2518 eticorum
217 2475 233 2515 e
246 2456 351 2516 Gallia
366 2457 572 2534 profugorum
592 2474 771 2529 aerumnae,
784 2459 889 2515 tamen
902 2471 1016 2513 novum

45 2549 146 2610 Nobis
173 2548 349 2608 cumulavit
377 2551 514 2609 dolorem
545 2553 601 2609 tua
629 2548 864 2623 calamitatum,
886 2547 917 2605 in
939 2562 1017 2623 quas

48 2641 181 2718 plurimi
204 2659 333 2715 eorum,
356 2643 545 2719 praesertim
566 2645 790 2719 Lugdunenses
813 2642 878 2713 tui,
901 2640 1019 2699 incide-

49 2740 124 2796 runt
146 2735 339 2811 descriptio,
362 2739 512 2813 tantoque
541 2735 687 2812 graviore
713 2736 853 2813 oppressi
875 2750 1017 2793 moerore

53 2845 169 2901 sumus,
184 2831 264 2905 quod
278 2829 419 2888 invenire
435 2829 540 2905 plane,
554 2829 696 2904 quamvis
711 2830 845 2889 maxime
864 2826 1016 2903 cupimus,

52 2939 109 2981 non
131 2923 286 2993 valemus,
306 2940 366 2998 qua
388 2922 461 2982 illos
483 2922 667 2981 adiuvemus
689 2941 765 2999 ope,
785 2921 910 2996 tuisque
933 2917 1018 2977 votis

52 3014 293 3074 satisfaciamus.
316 3016 475 3074 Hactenus
503 3019 630 3090 recepta
659 3014 722 3074 iam
743 3033 762 3073 a
782 3012 878 3074 Nobis
899 3011 932 3070 in
957 3012 1020 3071 No·

53 3112 151 3168 stram
173 3107 324 3167 ditionem
347 3125 406 3166 non
425 3108 528 3167 minus
550 3125 640 3184 quam
656 3108 721 3168 tria
735 3104 1018 3166 ecclesiasticorum
1116 3133 1123 3148 ι

53 3201 281 3277 emigratorum
303 3199 416 3271 millio,
437 3219 453 3259 e
475 3199 586 3276 qulbus
607 3203 732 3259 centum
755 3197 915 3275 octoginta
928 3196 1020 3274 quin-

54 3311 112 3370 que
132 3312 150 3353 e
172 3297 228 3353 tua
248 3292 449 3369 Lugdunensi
474 3290 606 3351 dioecesi
620 3294 705 3351 sunt.
722 3292 811 3352 Hunc
827 3293 951 3350 tantum
967 3290 1021 3350 ad-

56 3387 114 3446 huc
135 3387 236 3463 magis
258 3403 373 3462 sugere
389 3403 564 3458 numerum,
580 3389 801 3462 praeterquam
823 3386 903 3460 quod
919 3384 1020 3443 multo

58 3479 185 3556 gravius
215 3480 404 3557 adiungeret
431 3481 549 3557 pondus
578 3478 726 3539 subiectis
754 3478 852 3540 Nobis
883 3476 1018 3555 populis,
