2424 4196
39 357 163 433 plicibus
193 358 398 437 Presbyteris
417 358 549 432 iuratis,
565 361 660 437 etque
680 359 720 420 ab
741 358 915 421 assistendo
937 376 994 418 ve·

38 450 139 526 sperio,
164 470 200 512 ac
221 451 292 512 aliis
313 451 446 528 publicis
465 451 620 528 precibus,
636 469 715 528 quae
737 451 915 512 recitantur
936 451 993 512 sub

38 544 211 604 assistentia
223 546 369 620 Perochi,
382 550 439 608 aut
449 545 601 624 simplicis
613 545 800 624 Presbyteri
812 546 994 605 iuramento

36 635 127 696 civico
148 637 307 701 obstricti.

89 731 220 796 Quaeso.
231 735 260 792 4.
273 733 303 794 N
306 749 355 792 om
367 731 607 806 absolutionem,
616 735 650 792 et
660 731 909 793 communionem
921 749 995 810 quo-

34 822 77 883 vis
89 824 166 884 anni
188 830 339 902 tempore,
357 825 544 903 praesertim
568 843 644 886 vero
661 829 800 904 tempore
815 827 960 888 Peschaii
975 843 995 888 a

33 917 170 977 Parocho
192 919 297 978 iurato
318 923 425 995 petere
449 917 593 978 fidelibus
614 918 721 980 liceat.

86 1011 184 1087 Besp.
207 1013 319 1072 Eadem
343 1029 473 1089 prorsus
496 1012 618 1072 ratione
641 1029 676 1072 ac
698 1013 735 1072 ed
757 1014 991 1089 praecedentes.

87 1105 218 1170 Quaest.
235 1105 267 1194 5.Ι
281 1107 363 1166 Num
387 1107 561 1166 Paroohum
581 1105 718 1166 iuratum
733 1107 840 1168 fideles
855 1107 943 1168 adire
957 1108 996 1168 ii·

31 1197 88 1258 cite
110 1200 235 1275 possint
255 1215 312 1275 pro
343 1200 556 1260 Sacramentis
576 1199 805 1278 Baptismatis,
828 1203 862 1260 et
881 1200 997 1262 Matri·

32 1308 136 1354 monu.

86 1387 185 1462 Resp.
208 1387 277 1447 Non
299 1385 415 1459 licere,
436 1391 568 1463 excepto
591 1391 695 1448 temen
724 1386 791 1467 (ubi
813 1405 864 1448 res
892 1387 936 1448 sit
956 1390 995 1450 de

30 1478 202 1557 Baptismc)
224 1497 296 1540 ceso
311 1486 472 1540 extremae
494 1480 703 1554 necessitatis,
720 1482 751 1541 in
773 1501 835 1559 quo
857 1499 915 1541 non
938 1483 995 1542 ad·

30 1579 108 1634 esset
129 1573 215 1636 alius
236 1574 345 1634 velens
367 1575 538 1651 baptizare.

86 1668 364 1733 concentuum
387 1667 558 1727 Catholicis
580 1667 704 1728 licitum
726 1668 770 1728 sit
791 1668 909 1745 patrini
929 1685 996 1729 mu·

31 1777 98 1819 nere
114 1759 208 1836 fungi
223 1759 255 1820 iu
271 1761 465 1837 Baptismete
480 1760 735 1822 administratore
749 1761 910 1834 Parooho,
927 1761 995 1822 sira

30 1853 225 1931 Presbytero
246 1853 364 1914 iurato.

85 1947 184 2022 Rcsp.
202 1948 270 2010 Non
293 1947 389 2008 licere
411 1947 554 2008 fidelibus
569 1947 687 2024 patrini
708 1965 836 2008 munere
857 1947 948 2024 iungi
962 1946 995 2006 in

29 2042 223 2119 baptismate
244 2043 465 2102 administrato
488 2061 506 2104 e
527 2043 686 2113 Perocho,
709 2041 776 2102 sive
798 2043 995 2120 Presbytero

32 2135 144 2206 iurato,
163 2153 201 2194 ne
223 2152 292 2196 cum
315 2137 382 2212 ipso
400 2135 431 2195 in
454 2135 571 2196 divinis
592 2135 829 2196 communicent.

87 2232 217 2296 Ocacsc.
233 2232 263 2292 7.
280 2232 309 2291 N
312 2247 363 2289 um
378 2230 523 2290 fidelibus
537 2231 634 2292 liceat
648 2231 765 2307 petrini
781 2247 910 2291 munere
924 2229 996 2290 tun·

31 2323 60 2400 gi
80 2324 112 2382 in
135 2323 333 2400 Baptismate
360 2324 478 2384 oolieto
498 2343 517 2384 a
538 2326 680 2385 Perocho
703 2325 839 2385 intruso.

86 2419 185 2494 Rccp.
206 2419 275 2479 Non
299 2419 375 2478 licet
396 2417 540 2478 fidelibus
562 2437 690 2478 munere
713 2419 831 2496 petrini
852 2417 940 2496 iungi
963 2417 996 2478 in

32 2513 267 2590 Baptismetea
296 2513 437 2572 Perocho
458 2513 584 2572 intruso
612 2513 843 2573 administrato.
867 2514 944 2573 Cum
966 2529 998 2570 e·

33 2607 93 2665 nim
108 2607 270 2667 Perochus
292 2605 435 2666 intrusus
450 2605 669 2666 schismaticus
692 2605 832 2683 protecto
847 2605 902 2677 sit,
917 2605 998 2665 eius·

32 2717 87 2774 que
109 2699 246 2758 schisma
259 2697 495 2758 evidentissime
517 2703 657 2770 constet,
672 2715 713 2758 ex
735 2715 770 2758 eo
782 2698 847 2771 ¹iit,
864 2697 997 2758 utactio

36 2791 182 2853 catholici
205 2791 357 2851 insontem
379 2794 416 2851 de
438 2793 534 2852 Sacro
554 2793 654 2853 Ponte
676 2793 814 2853 levantis
834 2791 865 2850 in
890 2790 1000 2867 Bapti-

40 2893 131 2947 surate
152 2905 171 2946 a
192 2886 334 2946 Porocho
350 2885 475 2946 intruso
498 2887 732 2959 administrato,
746 2901 937 2962 quecumque
958 2900 998 2944 ex

37 2983 121 3054 parte
144 2983 318 3057 spectetur,
341 2979 474 3052 vitiosa,
497 2980 599 3051 male,
623 2986 657 3039 et
678 2979 837 3056 prohibite
857 2993 924 3036 esse
946 2977 998 3034 de-

36 3075 256 3146 prehendatur.
282 3074 360 3134 Nam
388 3073 562 3133 catholicus
590 3075 647 3132 hec
669 3089 725 3133 sue
746 3071 868 3130 actione
890 3085 999 3145 coope·

33 3171 122 3226 retur
143 3167 175 3226 in
199 3167 382 3238 schismate,
398 3165 493 3225 immo
515 3166 694 3226 schismatis
716 3163 835 3223 crimen
852 3163 918 3239 ipso
940 3179 996 3222 sua

35 3258 112 3319 facto
134 3261 299 3337 approbat,
316 3259 534 3338 intrusumque
557 3279 613 3338 pro
634 3256 778 3336 legitimo
799 3257 941 3318 Perocho
963 3273 999 3317 a·

35 3355 164 3427 gnoscit,
188 3361 221 3415 et
241 3355 329 3427 colit,
352 3353 509 3413 otiosius
531 3353 712 3413 declaretur
734 3352 766 3410 in
789 3350 998 3411 instructione

34 3448 219 3510 Sanctitetis
236 3450 320 3509 'Suae
336 3449 421 3510 iussu
435 3453 569 3508 exereta
589 3448 638 3507 die
654 3449 694 3508 26
715 3446 900 3523 septembris
923 3443 998 3506 anni

39 3541 112 3602 1791
127 3561 221 3620 super
241 3542 415 3620 Baptismo,
432 3540 634 3602 Matrimouio
650 3544 683 3602 et
704 3540 895 3618 Sepulturis.
