2426 4192
413 207 595 274 -1871,.--Ι

40 311 195 373 afferebant
226 311 401 375 solutiones
435 313 652 390 quaestionum
682 315 877 389 difficilium,
916 335 986 376 cnm

38 405 230 465 calumniator
260 405 365 466 nullus
395 406 541 468 instaret.
572 408 730 484 Numquid
760 409 797 468 de
825 409 986 471 Trinitate

37 498 161 574 perfecte
189 501 362 558 tractatum
386 502 434 558 est
455 503 621 578 antequam
644 500 842 562 oblatrarent
862 502 988 564 Ariauil

35 590 176 667 Numquid
199 592 237 649 de
259 591 454 668 poenitentia
474 591 612 670 perfecte
635 595 808 653 tractatum
829 597 879 654 ent
899 599 988 656 mae

35 702 113 760 qnam
138 685 329 746 obsisterent
350 687 535 748 Novatianil
557 688 609 747 Sic
630 706 690 748 non
712 689 849 765 perfecte
870 691 909 749 de
929 689 985 752 ba-

33 777 170 852 ptismate
192 783 366 840 tractatum
388 784 438 840 est
458 785 625 859 antequam
640 781 894 843 contradicerent
908 783 987 843 foris

34 871 116 945 positi
138 871 383 949 rebaptizantes
407 892 461 933 nec
482 874 520 934 de
540 875 609 951 ipsa
630 874 753 934 unitate
772 875 891 936 Christi
912 895 988 940 enu-

34 963 123 1023 cleate
144 964 230 1024 dicta
251 968 355 1038 erant,
372 984 449 1042 quae
473 967 557 1028 dicta
578 969 664 1036 sunt,
681 967 741 1028 nisi
757 975 919 1046 postquam
941 988 989 1030 se·

33 1059 144 1133 paratio
166 1059 224 1118 illa
246 1076 357 1136 urgere
379 1059 482 1136 coepit
502 1060 620 1122 fratres
641 1062 795 1136 infirmos,
812 1067 848 1123 ut
861 1063 922 1124 iam
937 1064 987 1124 illi

32 1151 77 1226 qni
98 1154 254 1212 noverant
276 1153 352 1212 haec
374 1155 526 1226 tractare,
544 1172 578 1215 ac
593 1155 777 1229 dissolvere,
794 1174 831 1215 ne
847 1157 989 1232 perirent

32 1244 139 1304 infirmi
153 1243 328 1308 ,sollicitati
349 1245 562 1319 sermonibus,
584 1251 618 1306 et
639 1246 905 1323 disputationibus
929 1248 989 1306 im-

32 1339 157 1414 piorum,
182 1339 389 1412 sermonibus,
412 1343 445 1399 et
463 1338 730 1417 disputationibus
754 1342 886 1402 obscura
910 1342 990 1419 legis

33 1430 59 1488 in
79 1432 237 1509 publicum
259 1433 480 1493 deducerent»
495 1431 553 1510 (1).

84 1527 256 1597 Quorsum,
279 1525 476 1586 venerabiles
496 1527 645 1600 Fratres,
668 1528 744 1586 baec
765 1530 804 1587 ad
826 1529 890 1588 Vos
912 1528 990 1587 scri·

31 1619 144 1680 bimnst
157 1621 229 1680 Non
251 1624 338 1678 certe
360 1621 397 1678 ut
418 1620 583 1680 doceamus
597 1622 671 1694 Vos,
687 1639 817 1697 quornm
833 1640 901 1682 cum
917 1639 989 1682 con-

31 1713 171 1772 stantiam
195 1711 361 1786 attidem,
385 1715 452 1772 tum
481 1714 648 1791 praecipue
669 1714 853 1791 sapientiam
881 1715 989 1793 singu-

30 1805 118 1866 larem
142 1823 266 1883 semper
286 1805 395 1866 mirati
411 1823 529 1878 sumus,
546 1809 598 1867 sed
621 1811 657 1867 nt
678 1825 783 1867 rernm
807 1811 869 1869 tam
891 1808 989 1868 admi·
1058 1863 1061 1870 .

31 1902 193 1960 caudarum
222 1898 439 1958 recordatione
468 1916 538 1958 cum
564 1901 648 1974 Vos,
678 1903 743 1960 tum
772 1901 988 1978 Nesmetipsos

31 1993 240 2065 consolemur,
270 1991 425 2066 simulque
451 1993 487 2051 ut
511 1993 594 2051 omni
619 2011 761 2053 moerore
786 1995 924 2072 deposito
949 2014 988 2055 ex

31 2088 72 2144 tot
91 2085 234 2147 adversis
254 2103 332 2161 quae
353 2084 505 2163 patimur,
529 2105 566 2147 ea
585 2088 682 2148 Nobis
703 2087 799 2148 etiam
821 2089 900 2149 bona
921 2090 989 2166 pol-

30 2179 187 2252 liceamur,
203 2197 280 2256 quae
302 2179 334 2238 in
356 2179 525 2239 Ecclesiam
548 2198 669 2257 semper
691 2183 765 2240 sunt
785 2200 825 2242 ex
847 2184 990 2244 adversis

30 2273 182 2347 protecta3
206 2290 301 2349 eaque
324 2275 413 2332 tanto
434 2272 531 2333 Nobis
551 2273 707 2349 ampliora
727 2278 821 2352 atque
843 2276 989 2337 uberiora

29 2367 251 2441 polliceamur,
280 2370 397 2443 quanto
426 2366 556 2443 gravior
591 2367 791 2447 acerbicrque
821 2370 988 2432 tribulatio

29 2459 98 2518 haec
120 2465 181 2531 est,
203 2477 295 2535 quam
317 2463 441 2520 ceterae
463 2459 547 2520 ullae
568 2459 699 2533 inerint,
722 2463 873 2539 aquibus
899 2464 989 2524 nori-

29 2568 92 2611 mus
116 2553 267 2613 iactatam
294 2551 367 2611 olim
388 2551 562 2613 Ecclesiam
584 2553 679 2614 inisse
702 2573 737 2614 ac
757 2557 986 2633 perturbatam.

84 2647 276 2722 Quamquam
299 2663 376 2706 vero
391 2647 463 2722 quid
480 2648 517 2705 de
532 2645 650 2706 futuris
665 2649 823 2710 Ecclesiae
839 2650 927 2710 bonis
941 2669 991 2709 co-

31 2739 174 2812 gitamus,
187 2757 257 2798 cum
272 2737 334 2797 iam
350 2739 569 2816 praesentibus
583 2741 797 2817 perfruamur?
808 2744 897 2802 Anne
914 2761 988 2803 vero

31 2834 100 2892 adeo
126 2849 250 2908 parva,
273 2835 329 2891 aut
350 2849 450 2909 pauca
471 2832 570 2892 istaec
592 2835 671 2893 bona
692 2839 787 2908 sunt,
812 2839 848 2895 ut
870 2854 906 2895 ea
927 2837 989 2896 iam

30 2940 208 3000 cognoscere
224 2926 425 3001 nequeamus?
439 2925 587 2985 Profecto
603 2927 627 2985 si
644 2926 722 2985 nihil
738 2927 822 2986 aliud
843 2944 883 2986 ex
905 2927 990 2988 hisce

29 3015 198 3091 laboribus,
220 3017 332 3095 quibus
353 3019 537 3096 premimur,
554 3025 749 3081 consecutam
771 3020 832 3080 iam
854 3038 921 3080 esse
935 3023 992 3081 Ec·

29 3111 151 3170 clesiam
178 3111 379 3184 videremus,
407 3112 465 3171 nisi
491 3115 572 3188 quod
593 3113 625 3170 in
648 3115 739 3173 tanto
761 3113 818 3172 hcc
839 3112 886 3172 rei
907 3113 992 3172 chri-

29 3205 145 3265 stianae
160 3209 247 3266 motu
259 3206 449 3283 Evangelica
470 3207 527 3266 illa
548 3207 638 3283 (quae
654 3206 774 3266 tamdiu
796 3207 843 3267 ad.
856 3206 923 3266 eius
944 3225 992 3266 se·

29 3297 236 3364 caritatema
256 3299 344 3358 bonis
366 3299 508 3359 omnibus
527 3297 777 3377 desiderabatur)
800 3298 988 3361 zizaniorum

87 3429 123 3484 (1)
139 3429 165 3476 S.
177 3427 315 3487 Angustia.
329 3430 406 3477 Enar.
423 3430 451 3476 in
466 3430 557 3488 psalm.
575 3431 641 3479 LIV.
659 3443 686 3477 n.
703 3431 734 3477 22
750 3428 810 3478 anic.
833 3432 915 3479 Maur.
933 3433 991 3479 An-

29 3501 106 3561 tuarp.
124 3505 196 3551 1700.
