<?xml version="1.0" encoding="UTF-8"?>
<!DOCTYPE html PUBLIC "-//W3C//DTD XHTML 1.0 Transitional//EN"
    "http://www.w3.org/TR/xhtml1/DTD/xhtml1-transitional.dtd">
<html xmlns="http://www.w3.org/1999/xhtml" xml:lang="en" lang="en">
 <head>
  <title>
</title>
<meta http-equiv="Content-Type" content="text/html;charset=utf-8" />
  <meta name='ocr-system' content='tesseract 3.04.00' />
  <meta name='ocr-capabilities' content='ocr_page ocr_carea ocr_par ocr_line ocrx_word'/>
</head>
<body>
  <div class='ocr_page' id='page_1' title='image "./piivipontmaxact01piusgoog_0234.png"; bbox 0 0 2426 4192; ppageno 0'>
   <div class='ocr_carea' id='block_1_1' title="bbox 225 219 1192 494">
    <p class='ocr_par' dir='ltr' id='par_1_1' title="bbox 225 219 1192 494">
     <span class='ocr_line' id='line_1_1' title="bbox 643 219 821 280; baseline -0.011 -16"><span class='ocrx_word' id='word_1_1' title='bbox 643 250 681 264; x_wconf 94' lang='grc'><strong>..</strong></span> <span class='ocrx_word' id='word_1_2' title='bbox 701 219 763 280; x_wconf 63' lang='lat'><strong>225</strong></span> <span class='ocrx_word' id='word_1_3' title='bbox 783 247 821 262; x_wconf 89' lang='lat'><strong>-</strong></span> 
     </span>
     <span class='ocr_line' id='line_1_2' title="bbox 225 322 1192 426; baseline -0.004 -40"><span class='ocrx_word' id='word_1_4' title='bbox 225 325 314 426; x_wconf 45' lang='lat' dir='ltr'><strong>&#39;rati</strong></span> <span class='ocrx_word' id='word_1_5' title='bbox 335 325 489 397; x_wconf 80' lang='lat' dir='ltr'><strong>doctrina,</strong></span> <span class='ocrx_word' id='word_1_6' title='bbox 511 340 565 384; x_wconf 85' lang='lat' dir='ltr'><strong>seu</strong></span> <span class='ocrx_word' id='word_1_7' title='bbox 586 323 752 400; x_wconf 71' lang='lat' dir='ltr'><strong>disciplina</strong></span> <span class='ocrx_word' id='word_1_8' title='bbox 772 328 971 401; x_wconf 81' lang='lat' dir='ltr'><strong>oppugnata3</strong></span> <span class='ocrx_word' id='word_1_9' title='bbox 982 323 1087 390; x_wconf 77' lang='lat' dir='ltr'><strong>clarus</strong></span> <span class='ocrx_word' id='word_1_10' title='bbox 1106 322 1192 384; x_wconf 89' lang='lat' dir='ltr'><strong>tidelis</strong></span> 
     </span>
     <span class='ocr_line' id='line_1_3' title="bbox 252 415 1191 494; baseline -0.003 -16"><span class='ocrx_word' id='word_1_11' title='bbox 252 435 377 478; x_wconf 87' lang='lat' dir='ltr'><strong>secures</strong></span> <span class='ocrx_word' id='word_1_12' title='bbox 399 418 578 493; x_wconf 87' lang='lat' dir='ltr'><strong>impiorum,</strong></span> <span class='ocrx_word' id='word_1_13' title='bbox 592 416 646 494; x_wconf 89' lang='lat' dir='ltr'><strong>qni</strong></span> <span class='ocrx_word' id='word_1_14' title='bbox 660 417 738 476; x_wconf 84' lang='lat' dir='ltr'><strong>fines</strong></span> <span class='ocrx_word' id='word_1_15' title='bbox 752 417 951 488; x_wconf 88' lang='lat' dir='ltr'><strong>obsidebant,</strong></span> <span class='ocrx_word' id='word_1_16' title='bbox 965 433 1062 493; x_wconf 83' lang='lat' dir='ltr'><strong>aegre</strong></span> <span class='ocrx_word' id='word_1_17' title='bbox 1074 415 1191 492; x_wconf 76' lang='lat' dir='ltr'><strong>elapsas,</strong></span> 
     </span>
    </p>
   </div>
   <div class='ocr_carea' id='block_1_2' title="bbox 250 509 1193 1333">
    <p class='ocr_par' dir='ltr' id='par_1_2' title="bbox 250 509 1193 1333">
     <span class='ocr_line' id='line_1_4' title="bbox 252 509 1193 586; baseline -0.005 -14"><span class='ocrx_word' id='word_1_18' title='bbox 252 511 334 572; x_wconf 90' lang='lat' dir='ltr'><strong>nibil</strong></span> <span class='ocrx_word' id='word_1_19' title='bbox 354 512 465 570; x_wconf 88' lang='lat' dir='ltr'><strong>horum</strong></span> <span class='ocrx_word' id='word_1_20' title='bbox 487 509 594 570; x_wconf 90' lang='lat' dir='ltr'><strong>oculos</strong></span> <span class='ocrx_word' id='word_1_21' title='bbox 615 509 730 570; x_wconf 89' lang='lat' dir='ltr'><strong>mentis</strong></span> <span class='ocrx_word' id='word_1_22' title='bbox 744 528 831 571; x_wconf 85' lang='lat' dir='ltr'><strong>meae</strong></span> <span class='ocrx_word' id='word_1_23' title='bbox 845 509 971 586; x_wconf 85' lang='lat' dir='ltr'><strong>aperire</strong></span> <span class='ocrx_word' id='word_1_24' title='bbox 985 510 1098 585; x_wconf 87' lang='lat' dir='ltr'><strong>potuit.</strong></span> <span class='ocrx_word' id='word_1_25' title='bbox 1114 510 1193 568; x_wconf 85' lang='lat' dir='ltr'><strong>Sedu·</strong></span> 
     </span>
     <span class='ocr_line' id='line_1_5' title="bbox 252 601 1192 680; baseline -0.004 -17"><span class='ocrx_word' id='word_1_26' title='bbox 252 606 322 664; x_wconf 84' lang='lat' dir='ltr'><strong>ctus</strong></span> <span class='ocrx_word' id='word_1_27' title='bbox 342 603 498 665; x_wconf 90' lang='lat' dir='ltr'><strong>illecebris</strong></span> <span class='ocrx_word' id='word_1_28' title='bbox 518 603 695 680; x_wconf 76' lang='lat' dir='ltr'><strong>regiminis,</strong></span> <span class='ocrx_word' id='word_1_29' title='bbox 717 605 796 680; x_wconf 85' lang='lat' dir='ltr'><strong>qnod</strong></span> <span class='ocrx_word' id='word_1_30' title='bbox 819 603 1065 675; x_wconf 69' lang='lat' dir='ltr'><strong>instituebatur,</strong></span> <span class='ocrx_word' id='word_1_31' title='bbox 1078 601 1192 661; x_wconf 82' lang='lat' dir='ltr'><strong>conabar</strong></span> 
     </span>
     <span class='ocr_line' id='line_1_6' title="bbox 251 694 1192 774; baseline -0.01 -15"><span class='ocrx_word' id='word_1_32' title='bbox 251 717 354 760; x_wconf 71' lang='lat' dir='ltr'><strong>mum</strong></span> <span class='ocrx_word' id='word_1_33' title='bbox 375 698 622 759; x_wconf 87' lang='lat' dir='ltr'><strong>enthusiasmum</strong></span> <span class='ocrx_word' id='word_1_34' title='bbox 642 715 713 757; x_wconf 91' lang='lat' dir='ltr'><strong>cnm</strong></span> <span class='ocrx_word' id='word_1_35' title='bbox 734 697 932 774; x_wconf 78' lang='lat' dir='ltr'><strong>parochianis</strong></span> <span class='ocrx_word' id='word_1_36' title='bbox 952 697 1032 756; x_wconf 89' lang='lat' dir='ltr'><strong>meis</strong></span> <span class='ocrx_word' id='word_1_37' title='bbox 1045 694 1192 756; x_wconf 88' lang='lat' dir='ltr'><strong>communi·</strong></span> 
     </span>
     <span class='ocr_line' id='line_1_7' title="bbox 251 790 1191 868; baseline -0.007 -15"><span class='ocrx_word' id='word_1_38' title='bbox 251 807 344 865; x_wconf 80' lang='lat' dir='ltr'><strong>care3</strong></span> <span class='ocrx_word' id='word_1_39' title='bbox 362 790 554 852; x_wconf 78' lang='lat' dir='ltr'><strong>annuntiavi</strong></span> <span class='ocrx_word' id='word_1_40' title='bbox 568 791 614 849; x_wconf 89' lang='lat' dir='ltr'><strong>eis</strong></span> <span class='ocrx_word' id='word_1_41' title='bbox 628 793 789 850; x_wconf 85' lang='lat' dir='ltr'><strong>commoda</strong></span> <span class='ocrx_word' id='word_1_42' title='bbox 802 791 891 868; x_wconf 85' lang='lat' dir='ltr'><strong>regni</strong></span> <span class='ocrx_word' id='word_1_43' title='bbox 904 791 1130 867; x_wconf 73' lang='lat' dir='ltr'><strong>fraternitatis</strong></span> <span class='ocrx_word' id='word_1_44' title='bbox 1135 803 1191 859; x_wconf 71' lang='lat' dir='ltr'><strong>rac·</strong></span> 
     </span>
     <span class='ocr_line' id='line_1_8' title="bbox 251 883 1191 963; baseline -0.005 -17"><span class='ocrx_word' id='word_1_45' title='bbox 251 885 377 963; x_wconf 78' lang='lat' dir='ltr'><strong>captavi</strong></span> <span class='ocrx_word' id='word_1_46' title='bbox 392 884 523 961; x_wconf 86' lang='lat' dir='ltr'><strong>denique</strong></span> <span class='ocrx_word' id='word_1_47' title='bbox 537 901 607 944; x_wconf 90' lang='lat' dir='ltr'><strong>cum</strong></span> <span class='ocrx_word' id='word_1_48' title='bbox 622 885 786 961; x_wconf 83' lang='lat' dir='ltr'><strong>voluptate</strong></span> <span class='ocrx_word' id='word_1_49' title='bbox 801 884 931 944; x_wconf 88' lang='lat' dir='ltr'><strong>titulum</strong></span> <span class='ocrx_word' id='word_1_50' title='bbox 946 884 1091 961; x_wconf 85' lang='lat' dir='ltr'><strong>deputati</strong></span> <span class='ocrx_word' id='word_1_51' title='bbox 1104 885 1137 942; x_wconf 88' lang='lat' dir='ltr'><strong>ad</strong></span> <span class='ocrx_word' id='word_1_52' title='bbox 1147 883 1191 941; x_wconf 81' lang='lat' dir='ltr'><strong>(b-</strong></span> 
     </span>
     <span class='ocr_line' id='line_1_9' title="bbox 250 973 1189 1055; baseline -0.004 -15"><span class='ocrx_word' id='word_1_53' title='bbox 250 979 343 1040; x_wconf 85' lang='lat' dir='ltr'><strong>mitia</strong></span> <span class='ocrx_word' id='word_1_54' title='bbox 363 979 448 1038; x_wconf 87' lang='lat' dir='ltr'><strong>dicta</strong></span> <span class='ocrx_word' id='word_1_55' title='bbox 465 978 692 1055; x_wconf 71' lang='lat' dir='ltr'>Allobrogum:</span> <span class='ocrx_word' id='word_1_56' title='bbox 714 981 748 1038; x_wconf 88' lang='lat' dir='ltr'><strong>et</strong></span> <span class='ocrx_word' id='word_1_57' title='bbox 769 979 1042 1051; x_wconf 66' lang='lat' dir='ltr'><strong>wandalmarum,</strong></span> <span class='ocrx_word' id='word_1_58' title='bbox 1064 995 1135 1055; x_wconf 88' lang='lat' dir='ltr'><strong>quae</strong></span> <span class='ocrx_word' id='word_1_59' title='bbox 1155 973 1189 1036; x_wconf 83' lang='lat' dir='ltr'><strong>iti</strong></span> 
     </span>
     <span class='ocr_line' id='line_1_10' title="bbox 251 1069 1189 1149; baseline -0.006 -15"><span class='ocrx_word' id='word_1_60' title='bbox 251 1077 340 1134; x_wconf 86' lang='lat' dir='ltr'><strong>actae</strong></span> <span class='ocrx_word' id='word_1_61' title='bbox 368 1077 458 1144; x_wconf 90' lang='lat' dir='ltr'><strong>sunt,</strong></span> <span class='ocrx_word' id='word_1_62' title='bbox 490 1088 652 1132; x_wconf 88' lang='lat' dir='ltr'><strong>scenarum</strong></span> <span class='ocrx_word' id='word_1_63' title='bbox 674 1071 767 1132; x_wconf 86' lang='lat' dir='ltr'><strong>testis</strong></span> <span class='ocrx_word' id='word_1_64' title='bbox 787 1089 872 1149; x_wconf 88' lang='lat' dir='ltr'><strong>spem</strong></span> <span class='ocrx_word' id='word_1_65' title='bbox 894 1073 931 1130; x_wconf 89' lang='lat' dir='ltr'><strong>de</strong></span> <span class='ocrx_word' id='word_1_66' title='bbox 952 1090 1039 1131; x_wconf 87' lang='lat' dir='ltr'><strong>novo</strong></span> <span class='ocrx_word' id='word_1_67' title='bbox 1061 1069 1189 1148; x_wconf 83' lang='lat' dir='ltr'><strong>regimina</strong></span> 
     </span>
     <span class='ocr_line' id='line_1_11' title="bbox 250 1161 1189 1243; baseline -0.004 -17"><span class='ocrx_word' id='word_1_68' title='bbox 250 1169 432 1243; x_wconf 85' lang='lat' dir='ltr'><strong>conceptam</strong></span> <span class='ocrx_word' id='word_1_69' title='bbox 454 1185 513 1225; x_wconf 87' lang='lat' dir='ltr'><strong>non</strong></span> <span class='ocrx_word' id='word_1_70' title='bbox 534 1167 715 1226; x_wconf 86' lang='lat' dir='ltr'><strong>conservari</strong></span> <span class='ocrx_word' id='word_1_71' title='bbox 736 1167 837 1236; x_wconf 87' lang='lat' dir='ltr'><strong>modo,</strong></span> <span class='ocrx_word' id='word_1_72' title='bbox 861 1183 971 1227; x_wconf 85' lang='lat' dir='ltr'><strong>verum</strong></span> <span class='ocrx_word' id='word_1_73' title='bbox 991 1167 1089 1228; x_wconf 87' lang='lat' dir='ltr'><strong>etiam</strong></span> <span class='ocrx_word' id='word_1_74' title='bbox 1103 1161 1189 1241; x_wconf 80' lang='lat' dir='ltr'><strong>augeri</strong></span> 
     </span>
     <span class='ocr_line' id='line_1_12' title="bbox 251 1259 1188 1333; baseline -0.006 -12"><span class='ocrx_word' id='word_1_75' title='bbox 251 1261 345 1322; x_wconf 87' lang='lat' dir='ltr'><strong>sensi.</strong></span> <span class='ocrx_word' id='word_1_76' title='bbox 368 1260 551 1320; x_wconf 82' lang='lat' dir='ltr'><strong>Huiusmodi</strong></span> <span class='ocrx_word' id='word_1_77' title='bbox 572 1261 665 1319; x_wconf 86' lang='lat' dir='ltr'><strong>erant</strong></span> <span class='ocrx_word' id='word_1_78' title='bbox 686 1259 782 1320; x_wconf 86' lang='lat' dir='ltr'><strong>animi</strong></span> <span class='ocrx_word' id='word_1_79' title='bbox 803 1260 864 1319; x_wconf 87' lang='lat' dir='ltr'><strong>mei</strong></span> <span class='ocrx_word' id='word_1_80' title='bbox 886 1263 1010 1333; x_wconf 87' lang='lat' dir='ltr'><strong>motus,</strong></span> <span class='ocrx_word' id='word_1_81' title='bbox 1040 1263 1110 1321; x_wconf 86' lang='lat' dir='ltr'><strong>dum</strong></span> <span class='ocrx_word' id='word_1_82' title='bbox 1127 1262 1188 1322; x_wconf 77' lang='lat' dir='ltr'><strong>Cen·</strong></span> 
     </span>
    </p>
   </div>
   <div class='ocr_carea' id='block_1_3' title="bbox 125 1350 1188 1428">
    <p class='ocr_par' dir='ltr' id='par_1_3' title="bbox 125 1350 1188 1428">
     <span class='ocr_line' id='line_1_13' title="bbox 125 1350 1188 1428; baseline -0.004 -14"><span class='ocrx_word' id='word_1_83' title='bbox 125 1397 127 1403; x_wconf 26' lang='grc' dir='ltr'>ι</span> <span class='ocrx_word' id='word_1_84' title='bbox 252 1357 366 1414; x_wconf 85' lang='lat' dir='ltr'><strong>ventus</strong></span> <span class='ocrx_word' id='word_1_85' title='bbox 375 1351 556 1414; x_wconf 89' lang='lat' dir='ltr'><strong>Nationalis</strong></span> <span class='ocrx_word' id='word_1_86' title='bbox 565 1350 776 1413; x_wconf 77' lang='lat' dir='ltr'><strong>Commissarii</strong></span> <span class='ocrx_word' id='word_1_87' title='bbox 791 1351 912 1428; x_wconf 86' lang='lat' dir='ltr'><strong>publice</strong></span> <span class='ocrx_word' id='word_1_88' title='bbox 925 1353 957 1411; x_wconf 92' lang='lat' dir='ltr'><strong>in</strong></span> <span class='ocrx_word' id='word_1_89' title='bbox 971 1353 1125 1414; x_wconf 75' lang='lat' dir='ltr'><strong>sabaudia</strong></span> <span class='ocrx_word' id='word_1_90' title='bbox 1137 1368 1188 1428; x_wconf 85' lang='lat' dir='ltr'><strong>pro</strong></span> 
     </span>
    </p>
   </div>
   <div class='ocr_carea' id='block_1_4' title="bbox 246 1443 1198 3577">
    <p class='ocr_par' dir='ltr' id='par_1_4' title="bbox 248 1443 1198 2458">
     <span class='ocr_line' id='line_1_14' title="bbox 250 1443 1187 1522; baseline -0.004 -16"><span class='ocrx_word' id='word_1_91' title='bbox 250 1446 468 1507; x_wconf 87' lang='lat' dir='ltr'><strong>clamationem</strong></span> <span class='ocrx_word' id='word_1_92' title='bbox 488 1447 564 1504; x_wconf 89' lang='lat' dir='ltr'><strong>adeo</strong></span> <span class='ocrx_word' id='word_1_93' title='bbox 586 1445 794 1518; x_wconf 69' lang='lat' dir='ltr'><strong>desideratam</strong></span> <span class='ocrx_word' id='word_1_94' title='bbox 816 1445 855 1503; x_wconf 89' lang='lat' dir='ltr'><strong>ab</strong></span> <span class='ocrx_word' id='word_1_95' title='bbox 875 1445 994 1522; x_wconf 86' lang='lat' dir='ltr'><strong>impiis,</strong></span> <span class='ocrx_word' id='word_1_96' title='bbox 1010 1449 1089 1507; x_wconf 87' lang='lat' dir='ltr'><strong>adeo</strong></span> <span class='ocrx_word' id='word_1_97' title='bbox 1102 1443 1187 1505; x_wconf 85' lang='lat' dir='ltr'><strong>iorni·</strong></span> 
     </span>
     <span class='ocr_line' id='line_1_15' title="bbox 250 1538 1187 1615; baseline -0.004 -16"><span class='ocrx_word' id='word_1_98' title='bbox 250 1541 356 1600; x_wconf 89' lang='lat' dir='ltr'><strong>datam</strong></span> <span class='ocrx_word' id='word_1_99' title='bbox 376 1557 395 1598; x_wconf 90' lang='lat' dir='ltr'><strong>a</strong></span> <span class='ocrx_word' id='word_1_100' title='bbox 416 1538 571 1609; x_wconf 87' lang='lat' dir='ltr'><strong>fidelibus,</strong></span> <span class='ocrx_word' id='word_1_101' title='bbox 594 1556 762 1615; x_wconf 88' lang='lat' dir='ltr'><strong>quaecum</strong></span> <span class='ocrx_word' id='word_1_102' title='bbox 784 1539 966 1598; x_wconf 87' lang='lat' dir='ltr'><strong>auctoribus</strong></span> <span class='ocrx_word' id='word_1_103' title='bbox 987 1540 1056 1600; x_wconf 88' lang='lat' dir='ltr'><strong>suis</strong></span> <span class='ocrx_word' id='word_1_104' title='bbox 1070 1541 1107 1601; x_wconf 92' lang='lat' dir='ltr'><strong>ad</strong></span> <span class='ocrx_word' id='word_1_105' title='bbox 1119 1553 1187 1597; x_wconf 84' lang='lat' dir='ltr'><strong>erer-</strong></span> 
     </span>
     <span class='ocr_line' id='line_1_16' title="bbox 250 1632 1186 1709; baseline -0.003 -17"><span class='ocrx_word' id='word_1_106' title='bbox 250 1634 377 1692; x_wconf 86' lang='lat' dir='ltr'><strong>tandum</strong></span> <span class='ocrx_word' id='word_1_107' title='bbox 399 1635 456 1693; x_wconf 85' lang='lat' dir='ltr'><strong>aut</strong></span> <span class='ocrx_word' id='word_1_108' title='bbox 475 1632 642 1709; x_wconf 89' lang='lat' dir='ltr'><strong>opprobrio</strong></span> <span class='ocrx_word' id='word_1_109' title='bbox 667 1632 886 1693; x_wconf 86' lang='lat' dir='ltr'><strong>cumulandum</strong></span> <span class='ocrx_word' id='word_1_110' title='bbox 915 1649 1044 1694; x_wconf 88' lang='lat' dir='ltr'><strong>sacrum</strong></span> <span class='ocrx_word' id='word_1_111' title='bbox 1071 1632 1186 1692; x_wconf 72' lang='lat' dir='ltr'><strong>minute·</strong></span> 
     </span>
     <span class='ocr_line' id='line_1_17' title="bbox 249 1723 1184 1802; baseline -0.006 -15"><span class='ocrx_word' id='word_1_112' title='bbox 249 1727 331 1787; x_wconf 83' lang='lat' dir='ltr'><strong>rium</strong></span> <span class='ocrx_word' id='word_1_113' title='bbox 346 1726 504 1787; x_wconf 87' lang='lat' dir='ltr'><strong>destinata</strong></span> <span class='ocrx_word' id='word_1_114' title='bbox 517 1731 612 1798; x_wconf 87' lang='lat' dir='ltr'><strong>esset,</strong></span> <span class='ocrx_word' id='word_1_115' title='bbox 628 1726 700 1785; x_wconf 90' lang='lat' dir='ltr'><strong>huic</strong></span> <span class='ocrx_word' id='word_1_116' title='bbox 716 1727 817 1802; x_wconf 91' lang='lat' dir='ltr'><strong>potius</strong></span> <span class='ocrx_word' id='word_1_117' title='bbox 832 1725 1042 1802; x_wconf 76' lang='lat' dir='ltr'><strong>pulcherrimi</strong></span> <span class='ocrx_word' id='word_1_118' title='bbox 1061 1723 1184 1801; x_wconf 85' lang='lat' dir='ltr'><strong>triumphi</strong></span> 
     </span>
     <span class='ocr_line' id='line_1_18' title="bbox 250 1818 1183 1897; baseline -0.006 -17"><span class='ocrx_word' id='word_1_119' title='bbox 250 1821 439 1880; x_wconf 72' lang='lat' dir='ltr'><strong>occasionem</strong></span> <span class='ocrx_word' id='word_1_120' title='bbox 465 1818 732 1880; x_wconf 79' lang='lat' dir='ltr'><strong>subministravit.</strong></span> <span class='ocrx_word' id='word_1_121' title='bbox 756 1820 941 1896; x_wconf 79' lang='lat' dir='ltr'><strong>suppressio</strong></span> <span class='ocrx_word' id='word_1_122' title='bbox 969 1821 1183 1897; x_wconf 77' lang='lat' dir='ltr'><strong>Episcopatunu</strong></span> 
     </span>
     <span class='ocr_line' id='line_1_19' title="bbox 249 1912 1183 1990; baseline -0.007 -14"><span class='ocrx_word' id='word_1_123' title='bbox 249 1914 436 1986; x_wconf 83' lang='lat' dir='ltr'><strong>Sabaudiae,</strong></span> <span class='ocrx_word' id='word_1_124' title='bbox 451 1930 559 1974; x_wconf 89' lang='lat' dir='ltr'><strong>eornm</strong></span> <span class='ocrx_word' id='word_1_125' title='bbox 575 1913 648 1972; x_wconf 90' lang='lat' dir='ltr'><strong>unio</strong></span> <span class='ocrx_word' id='word_1_126' title='bbox 670 1913 728 1973; x_wconf 90' lang='lat' dir='ltr'><strong>sub</strong></span> <span class='ocrx_word' id='word_1_127' title='bbox 748 1913 846 1973; x_wconf 86' lang='lat' dir='ltr'><strong>titulo</strong></span> <span class='ocrx_word' id='word_1_128' title='bbox 869 1914 1077 1990; x_wconf 81' lang='lat' dir='ltr'><strong>Episcopatus</strong></span> <span class='ocrx_word' id='word_1_129' title='bbox 1096 1912 1183 1974; x_wconf 84' lang='lat' dir='ltr'><strong>Montis</strong></span> 
     </span>
     <span class='ocr_line' id='line_1_20' title="bbox 249 2006 1198 2089; baseline -0.007 -19"><span class='ocrx_word' id='word_1_130' title='bbox 249 2008 335 2080; x_wconf 80' lang='lat' dir='ltr'><strong>Albi,</strong></span> <span class='ocrx_word' id='word_1_131' title='bbox 358 2008 509 2084; x_wconf 79' lang='lat' dir='ltr'><strong>obligatio</strong></span> <span class='ocrx_word' id='word_1_132' title='bbox 532 2006 662 2083; x_wconf 86' lang='lat' dir='ltr'><strong>parendi</strong></span> <span class='ocrx_word' id='word_1_133' title='bbox 684 2007 819 2067; x_wconf 84' lang='lat' dir='ltr'><strong>decretis</strong></span> <span class='ocrx_word' id='word_1_134' title='bbox 839 2008 1043 2068; x_wconf 89' lang='lat' dir='ltr'><strong>comitiorum</strong></span> <span class='ocrx_word' id='word_1_135' title='bbox 1064 2007 1198 2089; x_wconf 43' lang='lat' dir='ltr'><strong>Notion,</strong></span> 
     </span>
     <span class='ocr_line' id='line_1_21' title="bbox 250 2099 1197 2178; baseline -0.006 -16"><span class='ocrx_word' id='word_1_136' title='bbox 250 2101 339 2174; x_wconf 89' lang='lat' dir='ltr'><strong>lium,</strong></span> <span class='ocrx_word' id='word_1_137' title='bbox 349 2103 549 2178; x_wconf 86' lang='lat' dir='ltr'><strong>praeceptum</strong></span> <span class='ocrx_word' id='word_1_138' title='bbox 561 2099 705 2160; x_wconf 90' lang='lat' dir='ltr'><strong>omnibus</strong></span> <span class='ocrx_word' id='word_1_139' title='bbox 715 2102 946 2162; x_wconf 84' lang='lat' dir='ltr'><strong>Ecclesiasticis</strong></span> <span class='ocrx_word' id='word_1_140' title='bbox 957 2102 1094 2162; x_wconf 86' lang='lat' dir='ltr'><strong>servitio</strong></span> <span class='ocrx_word' id='word_1_141' title='bbox 1106 2100 1181 2160; x_wconf 83' lang='lat' dir='ltr'><strong>cultas</strong></span> <span class='ocrx_word' id='word_1_142' title='bbox 1196 2152 1197 2173; x_wconf 57' lang='lat'><strong>,</strong></span> 
     </span>
     <span class='ocr_line' id='line_1_22' title="bbox 249 2193 1196 2271; baseline -0.011 -14"><span class='ocrx_word' id='word_1_143' title='bbox 249 2195 383 2257; x_wconf 88' lang='lat' dir='ltr'><strong>addictis</strong></span> <span class='ocrx_word' id='word_1_144' title='bbox 397 2195 576 2271; x_wconf 88' lang='lat' dir='ltr'><strong>impositum</strong></span> <span class='ocrx_word' id='word_1_145' title='bbox 591 2193 758 2254; x_wconf 88' lang='lat' dir='ltr'><strong>emittendi</strong></span> <span class='ocrx_word' id='word_1_146' title='bbox 774 2194 989 2256; x_wconf 90' lang='lat' dir='ltr'><strong>iusiurandum</strong></span> <span class='ocrx_word' id='word_1_147' title='bbox 1001 2194 1151 2256; x_wconf 86' lang='lat' dir='ltr'><strong>libertatis</strong></span> <span class='ocrx_word' id='word_1_148' title='bbox 1160 2193 1181 2248; x_wconf 85' lang='lat' dir='ltr'><strong>et</strong></span> <span class='ocrx_word' id='word_1_149' title='bbox 1195 2236 1196 2257; x_wconf 72' lang='lat'><strong>,</strong></span> 
     </span>
     <span class='ocr_line' id='line_1_23' title="bbox 248 2287 1195 2365; baseline -0.005 -17"><span class='ocrx_word' id='word_1_150' title='bbox 248 2289 465 2365; x_wconf 88' lang='lat' dir='ltr'><strong>aequalitatis,</strong></span> <span class='ocrx_word' id='word_1_151' title='bbox 487 2289 553 2348; x_wconf 93' lang='lat' dir='ltr'><strong>sine</strong></span> <span class='ocrx_word' id='word_1_152' title='bbox 574 2287 794 2364; x_wconf 83' lang='lat' dir='ltr'><strong>explicatione,</strong></span> <span class='ocrx_word' id='word_1_153' title='bbox 818 2289 883 2348; x_wconf 88' lang='lat' dir='ltr'><strong>sina</strong></span> <span class='ocrx_word' id='word_1_154' title='bbox 904 2289 1117 2359; x_wconf 88' lang='lat' dir='ltr'><strong>restrictione,</strong></span> <span class='ocrx_word' id='word_1_155' title='bbox 1129 2289 1195 2346; x_wconf 62' lang='lat' dir='ltr'><strong>bret.</strong></span> 
     </span>
     <span class='ocr_line' id='line_1_24' title="bbox 250 2380 987 2458; baseline 0.003 -18"><span class='ocrx_word' id='word_1_156' title='bbox 250 2380 312 2440; x_wconf 85' lang='lat' dir='ltr'><strong>fnit</strong></span> <span class='ocrx_word' id='word_1_157' title='bbox 331 2398 451 2442; x_wconf 90' lang='lat' dir='ltr'><strong>summa</strong></span> <span class='ocrx_word' id='word_1_158' title='bbox 470 2381 538 2442; x_wconf 88' lang='lat' dir='ltr'><strong>eius</strong></span> <span class='ocrx_word' id='word_1_159' title='bbox 557 2381 701 2442; x_wconf 81' lang='lat' dir='ltr'><strong>inuentae</strong></span> <span class='ocrx_word' id='word_1_160' title='bbox 722 2382 987 2458; x_wconf 86' lang='lat' dir='ltr'><strong>proclamationis.</strong></span> 
     </span>
    </p>

    <p class='ocr_par' dir='ltr' id='par_1_5' title="bbox 246 2471 1193 3577">
     <span class='ocr_line' id='line_1_25' title="bbox 309 2471 1193 2553; baseline -0.008 -19"><span class='ocrx_word' id='word_1_161' title='bbox 309 2476 375 2534; x_wconf 88' lang='lat' dir='ltr'><strong>lam</strong></span> <span class='ocrx_word' id='word_1_162' title='bbox 397 2492 652 2553; x_wconf 59' lang='lat' dir='ltr'><strong>-sruores,squos</strong></span> <span class='ocrx_word' id='word_1_163' title='bbox 675 2476 783 2537; x_wconf 88' lang='lat' dir='ltr'><strong>eadem</strong></span> <span class='ocrx_word' id='word_1_164' title='bbox 804 2475 836 2534; x_wconf 90' lang='lat' dir='ltr'><strong>in</strong></span> <span class='ocrx_word' id='word_1_165' title='bbox 859 2475 1050 2536; x_wconf 88' lang='lat' dir='ltr'><strong>Sabandiam</strong></span> <span class='ocrx_word' id='word_1_166' title='bbox 1078 2471 1193 2538; x_wconf 68' lang='lat' dir='ltr'><strong>intulit,t</strong></span> 
     </span>
     <span class='ocr_line' id='line_1_26' title="bbox 248 2553 1192 2630; baseline -0.003 -2"><span class='ocrx_word' id='word_1_167' title='bbox 248 2568 346 2628; x_wconf 79' lang='lat' dir='ltr'><strong>Brevi</strong></span> <span class='ocrx_word' id='word_1_168' title='bbox 366 2567 485 2628; x_wconf 78' lang='lat' dir='ltr'><strong>Summi</strong></span> <span class='ocrx_word' id='word_1_169' title='bbox 506 2569 669 2630; x_wconf 87' lang='lat' dir='ltr'><strong>Pontificis</strong></span> <span class='ocrx_word' id='word_1_170' title='bbox 692 2568 731 2630; x_wconf 75' lang='lat' dir='ltr'><strong>li)</strong></span> <span class='ocrx_word' id='word_1_171' title='bbox 756 2568 862 2629; x_wconf 87' lang='lat' dir='ltr'><strong>Martii</strong></span> <span class='ocrx_word' id='word_1_172' title='bbox 893 2570 970 2630; x_wconf 78' lang='lat'>1791</span> <span class='ocrx_word' id='word_1_173' title='bbox 998 2553 1192 2630; x_wconf 66' lang='lat' dir='ltr'><strong>connatis-t</strong></span> 
     </span>
     <span class='ocr_line' id='line_1_27' title="bbox 248 2659 1178 2733; baseline 0.001 -12"><span class='ocrx_word' id='word_1_174' title='bbox 248 2661 310 2721; x_wconf 86' lang='lat' dir='ltr'><strong>lem</strong></span> <span class='ocrx_word' id='word_1_175' title='bbox 337 2662 600 2724; x_wconf 74' lang='lat' dir='ltr'><strong>Constitutionem</strong></span> <span class='ocrx_word' id='word_1_176' title='bbox 626 2663 713 2723; x_wconf 82' lang='lat' dir='ltr'><strong>(llari</strong></span> <span class='ocrx_word' id='word_1_177' title='bbox 740 2661 824 2723; x_wconf 88' lang='lat' dir='ltr'><strong>adito</strong></span> <span class='ocrx_word' id='word_1_178' title='bbox 848 2663 991 2723; x_wconf 90' lang='lat' dir='ltr'><strong>damnati</strong></span> <span class='ocrx_word' id='word_1_179' title='bbox 1011 2667 1119 2733; x_wconf 75' lang='lat' dir='ltr'><strong>arant3</strong></span> <span class='ocrx_word' id='word_1_180' title='bbox 1135 2659 1178 2716; x_wconf 70' lang='lat' dir='ltr'><strong>itt</strong></span> 
     </span>
     <span class='ocr_line' id='line_1_28' title="bbox 248 2753 1153 2832; baseline -0.001 -18"><span class='ocrx_word' id='word_1_181' title='bbox 248 2753 351 2815; x_wconf 84' lang='lat' dir='ltr'><strong>altero</strong></span> <span class='ocrx_word' id='word_1_182' title='bbox 370 2755 467 2816; x_wconf 81' lang='lat' dir='ltr'><strong>Brevi</strong></span> <span class='ocrx_word' id='word_1_183' title='bbox 491 2756 528 2816; x_wconf 86' lang='lat'><strong>13</strong></span> <span class='ocrx_word' id='word_1_184' title='bbox 548 2754 669 2832; x_wconf 81' lang='lat' dir='ltr'><strong>Aprilis</strong></span> <span class='ocrx_word' id='word_1_185' title='bbox 689 2754 788 2829; x_wconf 88' lang='lat' dir='ltr'><strong>edito,</strong></span> <span class='ocrx_word' id='word_1_186' title='bbox 802 2755 958 2829; x_wconf 82' lang='lat' dir='ltr'><strong>omnibns,</strong></span> <span class='ocrx_word' id='word_1_187' title='bbox 970 2755 1027 2832; x_wconf 85' lang='lat' dir='ltr'><strong>qui</strong></span> <span class='ocrx_word' id='word_1_188' title='bbox 1048 2773 1110 2817; x_wconf 85' lang='lat' dir='ltr'><strong>eam</strong></span> <span class='ocrx_word' id='word_1_189' title='bbox 1123 2754 1153 2814; x_wconf 76' lang='lat' dir='ltr'><strong>Gt</strong></span> 
     </span>
     <span class='ocr_line' id='line_1_29' title="bbox 248 2847 1129 2925; baseline -0.006 -15"><span class='ocrx_word' id='word_1_190' title='bbox 248 2847 445 2910; x_wconf 81' lang='lat' dir='ltr'><strong>stitutionem</strong></span> <span class='ocrx_word' id='word_1_191' title='bbox 461 2865 499 2908; x_wconf 89' lang='lat' dir='ltr'><strong>se</strong></span> <span class='ocrx_word' id='word_1_192' title='bbox 514 2847 743 2909; x_wconf 77' lang='lat' dir='ltr'><strong>observaturos</strong></span> <span class='ocrx_word' id='word_1_193' title='bbox 763 2849 959 2922; x_wconf 80' lang='lat' dir='ltr'><strong>iuraverant,</strong></span> <span class='ocrx_word' id='word_1_194' title='bbox 977 2847 1129 2925; x_wconf 83' lang='lat' dir='ltr'><strong>praescrip</strong></span> 
     </span>
     <span class='ocr_line' id='line_1_30' title="bbox 247 2937 1172 3019; baseline -0.002 -17"><span class='ocrx_word' id='word_1_195' title='bbox 247 2941 328 3017; x_wconf 82' lang='lat' dir='ltr'><strong>tutt,</strong></span> <span class='ocrx_word' id='word_1_196' title='bbox 357 2947 393 3002; x_wconf 89' lang='lat' dir='ltr'><strong>nt</strong></span> <span class='ocrx_word' id='word_1_197' title='bbox 420 2941 636 3002; x_wconf 87' lang='lat' dir='ltr'><strong>iusiurandum</strong></span> <span class='ocrx_word' id='word_1_198' title='bbox 661 2960 682 3001; x_wconf 85' lang='lat' dir='ltr'><strong>a</strong></span> <span class='ocrx_word' id='word_1_199' title='bbox 710 2959 743 3001; x_wconf 88' lang='lat' dir='ltr'><strong>se</strong></span> <span class='ocrx_word' id='word_1_200' title='bbox 764 2941 951 3019; x_wconf 86' lang='lat' dir='ltr'><strong>praestitum</strong></span> <span class='ocrx_word' id='word_1_201' title='bbox 978 2937 1172 3003; x_wconf 67' lang='lat' dir='ltr'><strong>retractarent</strong></span> 
     </span>
     <span class='ocr_line' id='line_1_31' title="bbox 246 3033 1174 3112; baseline -0.006 -17"><span class='ocrx_word' id='word_1_202' title='bbox 246 3035 389 3112; x_wconf 88' lang='lat' dir='ltr'><strong>Episcopi</strong></span> <span class='ocrx_word' id='word_1_203' title='bbox 409 3034 566 3096; x_wconf 84' lang='lat' dir='ltr'><strong>Ecclesiae</strong></span> <span class='ocrx_word' id='word_1_204' title='bbox 588 3033 771 3096; x_wconf 82' lang='lat' dir='ltr'><strong>Gallicanae</strong></span> <span class='ocrx_word' id='word_1_205' title='bbox 791 3053 824 3108; x_wconf 86' lang='lat' dir='ltr'><strong>se</strong></span> <span class='ocrx_word' id='word_1_206' title='bbox 846 3034 875 3094; x_wconf 93' lang='lat' dir='ltr'><strong>ei</strong></span> <span class='ocrx_word' id='word_1_207' title='bbox 896 3035 1011 3096; x_wconf 88' lang='lat' dir='ltr'><strong>indicio</strong></span> <span class='ocrx_word' id='word_1_208' title='bbox 1036 3036 1174 3097; x_wconf 75' lang='lat' dir='ltr'><strong>adbaerent</strong></span> 
     </span>
     <span class='ocr_line' id='line_1_32' title="bbox 246 3127 1173 3205; baseline 0.004 -17"><span class='ocrx_word' id='word_1_209' title='bbox 246 3129 348 3204; x_wconf 87' lang='lat' dir='ltr'><strong>palam</strong></span> <span class='ocrx_word' id='word_1_210' title='bbox 360 3128 512 3202; x_wconf 79' lang='lat' dir='ltr'><strong>fecerant,</strong></span> <span class='ocrx_word' id='word_1_211' title='bbox 521 3133 614 3205; x_wconf 86' lang='lat' dir='ltr'><strong>atque</strong></span> <span class='ocrx_word' id='word_1_212' title='bbox 630 3145 691 3189; x_wconf 89' lang='lat' dir='ltr'><strong>una</strong></span> <span class='ocrx_word' id='word_1_213' title='bbox 704 3145 774 3188; x_wconf 90' lang='lat' dir='ltr'><strong>cum</strong></span> <span class='ocrx_word' id='word_1_214' title='bbox 788 3128 873 3190; x_wconf 79' lang='lat' dir='ltr'><strong>cleri</strong></span> <span class='ocrx_word' id='word_1_215' title='bbox 887 3127 936 3188; x_wconf 93' lang='lat' dir='ltr'><strong>sui</strong></span> <span class='ocrx_word' id='word_1_216' title='bbox 950 3129 1087 3190; x_wconf 87' lang='lat' dir='ltr'><strong>maxima</strong></span> <span class='ocrx_word' id='word_1_217' title='bbox 1099 3127 1173 3205; x_wconf 78' lang='lat' dir='ltr'><strong>parto</strong></span> 
     </span>
     <span class='ocr_line' id='line_1_33' title="bbox 246 3219 1172 3299; baseline 0.003 -18"><span class='ocrx_word' id='word_1_218' title='bbox 246 3239 302 3282; x_wconf 89' lang='lat' dir='ltr'><strong>sua</strong></span> <span class='ocrx_word' id='word_1_219' title='bbox 322 3222 433 3299; x_wconf 81' lang='lat' dir='ltr'><strong>agendi</strong></span> <span class='ocrx_word' id='word_1_220' title='bbox 454 3224 576 3283; x_wconf 90' lang='lat' dir='ltr'><strong>ratione</strong></span> <span class='ocrx_word' id='word_1_221' title='bbox 597 3239 665 3282; x_wconf 89' lang='lat' dir='ltr'><strong>eam</strong></span> <span class='ocrx_word' id='word_1_222' title='bbox 684 3225 971 3282; x_wconf 73' lang='lat' dir='ltr'><strong>commonstrarem</strong></span> <span class='ocrx_word' id='word_1_223' title='bbox 985 3219 1172 3284; x_wconf 74' lang='lat' dir='ltr'><strong>constantiam·</strong></span> 
     </span>
     <span class='ocr_line' id='line_1_34' title="bbox 246 3307 1171 3392; baseline -0.004 -18"><span class='ocrx_word' id='word_1_224' title='bbox 246 3332 336 3390; x_wconf 86' lang='lat' dir='ltr'><strong>quam</strong></span> <span class='ocrx_word' id='word_1_225' title='bbox 358 3334 414 3376; x_wconf 89' lang='lat' dir='ltr'><strong>nec</strong></span> <span class='ocrx_word' id='word_1_226' title='bbox 435 3315 584 3387; x_wconf 85' lang='lat' dir='ltr'><strong>axilium,</strong></span> <span class='ocrx_word' id='word_1_227' title='bbox 607 3332 662 3374; x_wconf 90' lang='lat' dir='ltr'><strong>nec</strong></span> <span class='ocrx_word' id='word_1_228' title='bbox 683 3313 908 3391; x_wconf 80' lang='lat' dir='ltr'><strong>spoliationes,</strong></span> <span class='ocrx_word' id='word_1_229' title='bbox 931 3333 1030 3392; x_wconf 89' lang='lat' dir='ltr'><strong>neque</strong></span> <span class='ocrx_word' id='word_1_230' title='bbox 1050 3307 1171 3392; x_wconf 85' lang='lat' dir='ltr'><strong>supplitit</strong></span> 
     </span>
     <span class='ocr_line' id='line_1_35' title="bbox 247 3406 1170 3485; baseline -0.004 -19"><span class='ocrx_word' id='word_1_231' title='bbox 247 3406 372 3468; x_wconf 87' lang='lat' dir='ltr'><strong>vincere</strong></span> <span class='ocrx_word' id='word_1_232' title='bbox 394 3413 528 3485; x_wconf 87' lang='lat' dir='ltr'><strong>possent.</strong></span> <span class='ocrx_word' id='word_1_233' title='bbox 552 3409 689 3466; x_wconf 85' lang='lat' dir='ltr'><strong>Tandem</strong></span> <span class='ocrx_word' id='word_1_234' title='bbox 709 3408 880 3485; x_wconf 83' lang='lat' dir='ltr'><strong>Episcopus</strong></span> <span class='ocrx_word' id='word_1_235' title='bbox 901 3426 1008 3482; x_wconf 88' lang='lat' dir='ltr'><strong>meus,</strong></span> <span class='ocrx_word' id='word_1_236' title='bbox 1031 3409 1088 3468; x_wconf 88' lang='lat' dir='ltr'><strong>mei</strong></span> <span class='ocrx_word' id='word_1_237' title='bbox 1106 3416 1170 3477; x_wconf 81' lang='lat' dir='ltr'><strong>snpt·</strong></span> 
     </span>
     <span class='ocr_line' id='line_1_36' title="bbox 246 3491 1169 3577; baseline -0.007 -19"><span class='ocrx_word' id='word_1_238' title='bbox 246 3499 359 3571; x_wconf 89' lang='lat' dir='ltr'><strong>riores,</strong></span> <span class='ocrx_word' id='word_1_239' title='bbox 381 3500 439 3577; x_wconf 89' lang='lat' dir='ltr'><strong>ipsi</strong></span> <span class='ocrx_word' id='word_1_240' title='bbox 462 3499 619 3576; x_wconf 85' lang='lat' dir='ltr'><strong>simplices</strong></span> <span class='ocrx_word' id='word_1_241' title='bbox 641 3498 762 3572; x_wconf 88' lang='lat' dir='ltr'><strong>fideles,</strong></span> <span class='ocrx_word' id='word_1_242' title='bbox 785 3500 817 3560; x_wconf 92' lang='lat' dir='ltr'><strong>hi</strong></span> <span class='ocrx_word' id='word_1_243' title='bbox 838 3519 944 3562; x_wconf 81' lang='lat' dir='ltr'><strong>omnes</strong></span> <span class='ocrx_word' id='word_1_244' title='bbox 965 3504 1003 3563; x_wconf 91' lang='lat' dir='ltr'><strong>ad</strong></span> <span class='ocrx_word' id='word_1_245' title='bbox 1025 3519 1071 3561; x_wconf 89' lang='lat' dir='ltr'><strong>ma</strong></span> <span class='ocrx_word' id='word_1_246' title='bbox 1084 3491 1169 3558; x_wconf 74' lang='lat' dir='ltr'><strong>inoffi·</strong></span> 
     </span>
    </p>
   </div>
   <div class='ocr_carea' id='block_1_5' title="bbox 0 0 1218 4192">
    <p class='ocr_par' dir='ltr' id='par_1_6' title="bbox 0 0 1218 4192">
     <span class='ocr_line' id='line_1_37' title="bbox 0 0 1218 4192; baseline 0 3"><span class='ocrx_word' id='word_1_247' title='bbox 0 0 1218 4192; x_wconf 95' lang='lat' dir='ltr'><strong> </strong></span> 
     </span>
    </p>
   </div>
  </div>
 </body>
</html>
