2488 4204
618 240 776 301 -16-

215 347 367 408 nablonali
389 350 550 410 Conventu
572 350 815 411 declarationem
838 349 972 421 faciant,
996 349 1074 409 illud
1098 370 1182 410 sem-

215 457 271 516 per
292 459 367 518 prae
389 431 488 502 oculis
509 444 682 518 habentes,
706 445 828 504 nullum
852 446 891 504 ab
911 445 988 521 ipsIs
1011 449 1086 505 tunc
1108 463 1185 504 con-

216 535 301 595 trahi
323 537 570 611 matrimonium,
587 539 637 597 sed
661 541 764 598 actum
780 557 865 597 mere
880 538 1007 599 ciuilem
1022 540 1177 599 exerceri.

274 631 306 690 5.
320 633 449 691 Demum
471 632 503 691 in
525 631 670 709 praefata
697 632 909 693 declaratione
939 632 1082 694 facienda
1102 653 1179 710 praa

215 723 314 782 oculis
334 724 448 784 habere
470 724 581 784 debere
603 725 827 785 saluberrimas
842 725 981 801 regulas,
994 744 1073 802 quae
1087 743 1127 785 ea
1142 728 1179 785 de

215 817 430 894 releguntur
459 818 491 875 in
520 818 729 878 instructione
757 819 843 878 iussu
873 819 1063 884 sanctitatis
1096 821 1180 880 Suae

214 915 345 970 exarata
367 910 415 968 die
436 910 477 970 26
497 912 682 987 septembris
704 912 778 972 anni
795 912 870 972 1791
887 929 980 988 super
994 913 1178 989 quibusdam

214 1002 446 1077 quaestionibus
467 1022 485 1064 a
506 1003 682 1064 Galliarum
701 1005 852 1082 episcopis
874 1004 1043 1081 propositis
1057 1005 1115 1084 (l).

274 1097 379 1171 Atque
407 1095 484 1154 haec
512 1097 659 1172 quidem,
682 1116 750 1157 cum
781 1098 940 1174 praefatae
970 1098 1179 1175 particularis

214 1189 469 1266 congregationis
489 1190 716 1262 cardinalium,
739 1197 806 1252 tum
829 1193 925 1252 etiam
947 1191 1082 1251 maxime
1097 1193 1180 1252 San·

213 1281 337 1340 utitatis
365 1283 448 1341 Suae
475 1283 597 1342 nomine
618 1283 828 1361 Amplitndini
851 1287 937 1345 Tuae
970 1285 1178 1363 algnilicanda

212 1374 319 1447 habui,
341 1377 414 1434 dnm
436 1393 493 1452 ego
514 1394 581 1435 meo
604 1379 727 1436 nomine
749 1378 969 1438 observantiae
985 1397 1071 1438 meae
1086 1380 1178 1440 testi-

213 1469 348 1530 monIum
375 1470 583 1546 AmpIItudiui
605 1473 691 1530 Tuae
713 1471 842 1543 defero,
865 1488 1093 1549 perennemque
1118 1473 1176 1534 tibi

212 1579 231 1622 a
251 1562 382 1622 DomIno
400 1562 588 1624 felicitatem
610 1581 732 1641 precor.

271 1657 386 1715 Romae
418 1674 458 1716 ex
489 1658 617 1717 aedibus
649 1657 812 1717 Vaticanis
844 1657 894 1716 die
925 1659 1061 1718 XXVIII
1094 1659 1172 1720 Maii

211 1765 292 1808 anno
313 1750 531 1811 Muccxcnl.

628 1865 631 1872 ‹
654 1829 694 1887 F.
710 1830 751 1888 X.
777 1827 873 1888 Curd.
897 1831 936 1890 de
955 1831 1091 1890 Zelcda.

673 1961 718 2019 V.

605 2063 774 2125 ACTA

271 2213 278 2220 ·
349 2194 648 2266 SANCTISSIMI
670 2195 839 2265 DOMINI
861 2195 1034 2265 NOSTRI

320 2348 355 2394 m
381 2347 595 2396 CONSISTORIO
620 2348 765 2396 SEORE'IO
791 2349 891 2394 FERIA
917 2349 1068 2396 SECUNDA

551 2431 608 2476 DIE
626 2430 656 2476 17
672 2430 757 2476 IUNII
774 2429 835 2476 1793

352 2538 458 2600 Causa
488 2541 576 2600 accis
607 2541 722 2600 illatae
754 2537 916 2599 Lodooz'co
946 2538 1030 2598 XVI

401 2635 587 2698 Galliarum
606 2639 691 2716 Repi
713 2635 993 2697 Cbrtstiouissimo

495 2775 721 2834 venerabiles
742 2774 881 2832 Fratres

270 2906 372 2973 Quare
392 2906 552 2979 lacrimae,
575 2911 608 2965 et
628 2904 786 2981 singultus
808 2903 903 2963 verba
923 2904 1021 2965 Nobis
1043 2921 1103 2963 nou
1127 2906 1176 2965 in-

211 2999 401 3076 tercipiant?
421 3001 532 3060 Nonne
554 2997 654 3075 magis
675 2995 864 3073 gemitibus,
887 3015 978 3073 quam
1008 2996 1074 3056 ulla
1096 3016 1174 3058 voce

207 3093 431 3171 significandus
452 3095 502 3154 est
521 3092 690 3151 immensus
705 3090 761 3150 ille
775 3089 873 3150 animi
895 3090 996 3164 dolor,
1013 3107 1104 3167 quem
1119 3110 1174 3151 ex·

208 3204 351 3264 promere
373 3187 525 3264 cogimur,
549 3186 620 3244 dum
646 3184 734 3244 vobis
760 3185 943 3244 nunciamus
971 3184 1090 3244 editum
1109 3186 1174 3244 Lu-

207 3282 325 3355 tetIas,
349 3281 398 3340 die
428 3279 578 3340 vicesima
605 3278 706 3356 prima
733 3277 869 3338 ianuarii
897 3278 1055 3338 currentis
1083 3280 1171 3349 anni,

206 3375 397 3436 horrendum
419 3375 498 3434 illud
521 3372 722 3432 crudelitatis
750 3377 843 3449 atque
864 3370 1072 3430 immanitatis
1102 3388 1173 3447 spe·

205 3467 389 3527 otaculuml

270 3579 304 3641 (1)
321 3579 381 3630 viu.
400 3582 470 3628 [lom.
489 3579 511 3626 1.
529 3589 587 3638 pag.
606 3579 661 3626 226.
