2488 4204
54 313 165 388 cupato
188 311 288 372 Sciat
309 311 535 373 Laurentem
556 313 652 373 Sacra
680 312 947 383 commorantem,
969 327 1023 389 po-

53 405 213 466 stulantes
234 406 273 466 ab
295 423 342 479 eo,
365 408 516 483 quomodo
539 425 571 466 se
593 423 716 484 gerere,
738 407 772 465 et
792 421 883 482 quam
910 402 1022 481 agendi

53 499 210 558 rationem
233 500 384 560 deberent
405 500 487 560 inire
509 501 566 579 (1).

106 594 178 654 Nos
199 593 325 670 quidem
347 593 550 671 ignoramus,
574 612 647 653 num
669 592 820 669 scriptum
846 588 1023 652 huiusmodi

47 687 91 746 sit
112 687 358 760 authenticum,
380 705 488 748 necne.
511 685 569 755 Qui
591 687 674 748 enim
695 686 774 746 illud
800 682 966 761 vulgavit,
989 681 1022 740 in

45 797 83 838 eo
105 780 244 853 monito,
261 782 340 856 quod
361 779 539 840 huiusmodi
561 779 681 857 scripto
702 778 853 856 praefixit
868 777 930 855 (2),
946 775 1025 835 libe·

48 891 117 933 rum
132 872 241 934 Gallis
263 873 427 950 relinquit,
445 877 481 934 ut
501 889 569 934 eam
591 873 708 951 scripto
729 872 903 949 adiungant
917 870 1021 938 tidem,

45 986 143 1045 quam
161 969 316 1045 scriptum
332 968 433 1046 ipsum
449 968 507 1027 sibi
524 967 683 1027 vindicare
698 966 907 1026 arbitrentur.

108 1061 343 1135 Nihilominus,
359 1063 441 1122 sicut
459 1060 632 1121 catholicae
647 1059 823 1138 Religionis
845 1059 1020 1132 restitutio,

45 1156 86 1214 ad
109 1144 285 1232 quamnon
301 1156 367 1215 sine
382 1155 520 1216 maxima
534 1155 626 1214 laude
641 1152 771 1215 consilia
788 1153 1022 1233 praedictorum

49 1249 173 1307 Ducum
196 1253 339 1325 spectare
359 1250 532 1320 videntur,
561 1248 624 1307 fuit
652 1263 773 1325 semper
800 1247 969 1325 praecipua
989 1249 1023 1306 et

48 1341 228 1419 singularis
249 1361 341 1403 causa
361 1345 549 1405 Nostrarum
571 1341 814 1420 apostolicarum
837 1339 1024 1402 sollicitudi-

50 1453 144 1509 num3
171 1440 205 1496 et
226 1437 500 1497 sicut'memorati
521 1439 620 1497 Duces
648 1435 801 1513 eligentes
823 1436 903 1495 hanc
924 1434 1023 1510 ipsam

46 1529 86 1586 ob
109 1547 240 1590 causam
262 1531 368 1590 virum
384 1530 572 1603 huiusmodi,
588 1530 641 1607 qui
657 1547 688 1589 se
703 1528 887 1606 Episcopum
899 1527 1021 1605 Aptae,

48 1627 82 1681 et
102 1623 314 1701 apostolicum
336 1624 498 1684 vicarium
521 1623 671 1700 appellat,
695 1624 806 1681 nedum
828 1621 1023 1698 propositum

51 1717 110 1775 sibi
132 1718 228 1776 finem
252 1717 381 1776 minime
402 1720 661 1795 assequerentur,
685 1717 737 1775 sed
759 1715 856 1774 etiam
878 1714 1023 1775 latiorem

52 1812 154 1870 errori
171 1811 391 1886 patefacerent
405 1810 502 1884 viam,
519 1829 578 1871 non
595 1810 661 1870 sine
677 1808 864 1886 gravissima
884 1807 1022 1868 fidelium

60 1902 255 1982 deceptione,
281 1923 349 1964 cum
374 1904 474 1966 Nobis
500 1907 624 1964 constet
652 1903 818 1963 titularem
847 1901 1024 1963 huius'modi

60 1997 240 2075 Episcopum
263 1998 377 2058 nullibi
399 1999 565 2072 exsistere,
581 2001 614 2058 et
628 2015 793 2074 numquam
814 2014 833 2056 a
853 1995 950 2058 Nobis
969 1995 1026 2056 Vi·

55 2091 174 2151 carium
203 2093 285 2150 huno
313 2093 516 2169 apostolicum
546 2092 737 2154 destinatum
763 2091 879 2176 fuisse3
910 2090 958 2151 ita
985 2094 1024 2152 ad

54 2201 176 2244 omnem
205 2185 447 2262 ambiguitatem
474 2187 506 2246 in
532 2203 567 2246 re
593 2187 675 2246 tanti
703 2185 853 2248 momenti
878 2187 1025 2244 averten-

52 2277 143 2350 dam,
173 2275 343 2338 consilium
368 2280 506 2357 cepimus
533 2278 677 2338 monendi
703 2297 781 2352 vos,
811 2277 920 2339 dilecti
948 2278 1025 2340 Filii

52 2371 175 2443 Nostri,
193 2391 266 2431 ven.
283 2374 428 2446 Fratres,
444 2392 479 2433 ac
501 2372 610 2432 dilecti
630 2372 719 2447 Filii,
736 2376 772 2433 ut
794 2373 820 2432 si
842 2373 910 2450 quis
932 2391 1025 2434 ansus

55 2463 154 2525 fuerit
174 2465 225 2525 uti
247 2465 343 2525 titulo
365 2467 507 2544 Episcopi
528 2466 650 2544 Apros,
668 2469 701 2525 et
717 2466 837 2528 Vicarii
859 2466 1024 2544 apostolici

56 2575 165 2618 nomen
193 2559 353 2636 accipere,
383 2563 542 2636 tamqnam
571 2559 645 2620 talis
674 2561 828 2620 habentur
848 2577 867 2618 a
888 2561 1024 2632 nemine,

55 2651 150 2712 immo
172 2655 210 2712 ut
231 2669 336 2712 omnes
356 2652 446 2712 illum
468 2657 656 2714 aversentur
677 2657 770 2730 atque
787 2654 930 2715 devitent
945 2658 1026 2716 tam·

57 2765 146 2821 quam
169 2747 334 2823 utriusque
357 2747 523 2825 dignitatis
546 2746 740 2819 invasorem,
763 2748 851 2808 cuius
872 2751 1027 2826 quotquot

56 2844 160 2899 essent
181 2841 282 2913 actus,
298 2857 367 2899 cum
383 2830 555 2918 sacrilegii,
572 2843 638 2898 tum
655 2840 816 2900 nullitatis
833 2841 903 2900 labe
920 2843 1026 2900 essent

57 2931 177 2994 infecti.
201 2935 291 2994 Haud
314 2929 462 3011 patet'ex
484 2935 624 3010 scripto,
655 2935 743 2993 cuius
773 2933 916 3011 superius
940 2931 1025 2992 facta

57 3030 173 3087 mentio
189 3032 249 3100 est,
265 3046 326 3104 quo
346 3030 460 3103 pseudo
486 3027 547 3087 iste
568 3028 736 3104 Episcopus
756 3029 882 3086 nomine
907 3045 1026 3086 nuncu·

57 3125 159 3196 petur,
184 3121 236 3180 sed
260 3120 385 3180 aliunde
408 3120 580 3180 innotescit
602 3121 702 3197 ipsum
723 3121 876 3198 appellari
896 3120 1018 3193 Guillo,

58 3213 297 3276 mstmm

116 3307 198 3367 Hinc
216 3309 392 3370 hortamur.
404 3308 435 3367 in
458 3309 589 3368 Domino
606 3325 854 3386 unumquemque
870 3317 1027 3383 vestrum,

120 3440 154 3493 <lt
172 3436 196 3498 §.
211 3433 340 3485 Veniant.

123 3519 155 3572 (2)
174 3515 196 3579 §.
209 3514 423 3565 Auertisccment.
