2506 4198
41 314 90 372 cio
112 304 339 370 continendum
359 309 597 385 conspirabant3
617 325 675 387 ego
690 311 794 369 nmen
808 308 884 369 haec
903 306 1010 368 omnio

41 407 174 482 insuper
194 403 307 476 habui,
331 421 439 480 meque
460 405 566 481 impiis
587 404 741 478 factiosis,
762 405 816 482 qui
836 405 1009 466 Ecclesiam

40 503 73 558 et
102 496 343 573 Rempublicam
365 498 609 573 pervertebant,
633 497 823 576 coniungens
851 498 1011 576 praescri-

41 597 130 670 ptam
153 590 371 650 iusiurandum
391 590 494 649 emisi.
512 593 594 651 lictu
609 592 667 650 hoc
682 592 807 654 funesto
821 594 946 654 turbam
960 609 1011 653 er·

42 703 151 745 rorum
174 683 334 759 adoptavi.
359 683 541 756 Ecclesiam,
564 683 705 746 divinum
730 686 787 745 hoc
813 685 1009 760 institutum,

40 780 132 839 euius
152 781 266 838 auctor
288 782 337 837 est
358 779 444 836 lesus
465 775 622 849 Christus,
644 778 735 837 ouius
756 780 859 838 media
872 785 946 840 suut
961 780 1012 841 iu-

41 874 210 933 iiuitorum
231 871 350 933 christi
372 871 557 931 meritorum
572 872 755 949 applicatio,
772 873 860 932 cuius
875 874 947 933 finis
962 877 1012 934 est

39 971 178 1028 aeterna
198 963 360 1024 hominum
382 963 480 1036 salus,
504 963 633 1035 tradidi,
648 969 799 1041 quantum
814 983 870 1043 per
884 983 933 1026 me
948 972 1011 1026 sta·

41 1063 110 1132 bat,
134 1057 287 1136 potestati
308 1045 477 1139 humanae,
490 1060 531 1116 et
546 1057 794 1133 speculationum
810 1061 1012 1136 politicarum

42 1154 175 1215 delirio.
193 1154 266 1214 Vidi
287 1155 400 1229 absque
423 1148 564 1228 horrore,
579 1157 769 1231 potestatem
784 1155 909 1214 civilem
925 1154 1010 1214 deci-

42 1251 132 1319 dere,
146 1249 228 1323 quod
241 1246 384 1322 Episcopi
394 1263 451 1322 per
462 1245 616 1322 Spiritum
631 1251 774 1306 sanctum
790 1249 827 1307 ad
844 1249 1012 1324 regendam

42 1341 220 1402 Ecclesiam
232 1340 345 1416 positi,
358 1341 582 1399 auctoritatem
596 1358 682 1400 suam
693 1341 879 1415 amiserint;
895 1339 962 1399 vidi
974 1340 1013 1400 ab

42 1439 154 1498 eadem
177 1437 336 1511 potestate
358 1432 582 1510 Episcoporum
602 1432 856 1494 iurisdictionem
881 1432 1010 1492 extendi

43 1539 100 1595 aot
121 1532 275 1610 restringi
297 1533 333 1591 ad
357 1531 481 1590 modum·
496 1533 743 1608 gubernatorum
764 1532 965 1609 provinciae3
981 1535 1015 1592 et

43 1627 190 1688 inaudita
218 1642 255 1684 ea
283 1627 463 1696 attentata,-
479 1643 571 1701 -quae
601 1625 826 1685 auctoritatem
856 1625 1013 1686 Ecclesiae

44 1722 155 1797 suique
185 1717 349 1795 regiminis
376 1718 651 1794 independentiam
678 1719 709 1778 in
732 1719 867 1778 nihilum
888 1719 1015 1796 redige·

46 1815 134 1887 baut,
159 1810 363 1872 destruebant
384 1812 486 1874 ideam
508 1812 685 1889 spiritualis
700 1813 869 1888 potestatis
884 1817 918 1872 et
934 1812 1015 1874 sacri

47 1904 233 1974 ministerii,
242 1921 320 1980 quae
333 1905 460 1980 proinde
472 1905 659 1965 involabant
670 1905 702 1962 in
715 1905 1014 1982 fundamentafidel,

48 2019 96 2059 me
117 1997 331 2058 insensibilem
353 2003 561 2074 repereruut;
584 1999 810 2074 applaudebam
832 1999 1016 2061 illimitatae

49 2091 268 2163 submissioui,
291 2093 464 2168 praestitae
486 2093 691 2164 auctoritati,
720 2111 798 2170 quae
826 2093 1017 2154 sabaudiam

50 2187 257 2264 gubernabat.
268 2186 403 2262 Spiritui
415 2186 572 2246 illusionis
583 2179 717 2263 deditus,
730 2205 770 2246 ex
781 2204 817 2246 eo
827 2187 905 2248 milri
916 2188 1018 2265 magis

49 2280 228 2356 placebam
258 2280 409 2355 superbus
431 2279 463 2338 iu
484 2281 638 2340 coecitate
660 2297 709 2339 me
731 2282 769 2340 ad
792 2281 893 2358 magis
916 2283 1018 2342 adhuc

48 2374 190 2434 funestos
212 2373 320 2450 lapsus
341 2375 576 2450 praeparabam.
600 2376 647 2436 Ad
670 2375 701 2434 id
723 2375 916 2436 luculentam
932 2395 1019 2437 occa-

50 2467 169 2527 sionem
191 2468 406 2543 praebuerunt
419 2467 497 2527 mihi
509 2468 659 2542 Comitia,
675 2468 788 2546 quibus
801 2485 859 2547 ego
873 2471 911 2530 ad
927 2487 1018 2546 prae·

50 2566 175 2621 laneum
202 2562 320 2622 Montis
349 2561 423 2622 Albi
446 2562 664 2638 Episcopatum
687 2581 754 2622 sum
782 2565 920 2624 enectus.
945 2565 1019 2624 Ele·

50 2653 166 2714 ationis
185 2654 277 2714 buius
293 2654 531 2733 irregularitas,
548 2656 672 2716 novitas
687 2651 790 2730 tituli,
807 2657 927 2717 sedium
942 2673 1020 2736 qua·

23 2801 30 2810 .
50 2751 122 2807 taor
145 2748 325 2808 virentium
340 2739 562 2826 Episcoporum
578 2750 756 2825 usurpatio,
772 2749 885 2810 merito
900 2749 1019 2826 percel-

51 2839 117 2900 lare
140 2843 306 2918 meatque
328 2845 366 2903 ad
393 2842 611 2919 retugiendum
640 2841 788 2902 iuducere
816 2843 1019 2916 debuisseut3

52 2935 102 2993 sed
131 2952 150 2992 o
179 2930 417 2998 fascinationem
446 2935 814 3011 incomprehensibileml
844 2932 1019 3011 Acceptavi

52 3027 133 3088 nihil
145 3027 370 3103 haesitans30t
382 3028 547 3088 suboculis
566 3026 714 3104 Episcopi
733 3027 807 3099 mei,
828 3027 1020 3088 venerabilis
1091 3021 1094 3028 '

52 3121 135 3182 senis
158 3121 259 3196 illius,
281 3122 337 3199 qui
359 3125 434 3182 tuno
448 3121 577 3198 longum
594 3135 684 3178 suurn
700 3120 860 3196 ingressus
873 3124 923 3180 est
936 3136 1022 3180 mar·

52 3216 187 3293 tyrium,
208 3215 315 3293 etqui
336 3214 421 3275 clero
440 3231 497 3275 suo
518 3231 555 3272 eo
577 3211 679 3271 medio
701 3211 879 3274 clarissima
900 3217 934 3274 et
958 3211 1023 3273 effi·

53 3310 139 3370 cacia
167 3314 335 3388 praecepta
362 3309 474 3380 dabat,
497 3323 590 3366 ausus
610 3321 679 3364 sum
700 3308 849 3366 accedere
870 3309 908 3367 ad
930 3307 1023 3367 exhi·

53 3403 169 3463 bendas
192 3404 383 3464 electoribus
411 3403 487 3461 meis
512 3402 546 3460 in
577 3400 647 3475 ipsa
673 3400 861 3462 cathedrali
882 3401 1023 3463 Ecclesia

54 3496 231 3571 gratiarum
246 3495 394 3557 actiones.
415 3497 457 3556 Et
478 3491 685 3554 nihilomiuus
698 3493 767 3553 sola
778 3493 845 3554 eius
860 3495 1024 3557 electionis

899 3604 916 3637 ir
