<?xml version="1.0" encoding="UTF-8"?>
<!DOCTYPE html PUBLIC "-//W3C//DTD XHTML 1.0 Transitional//EN"
    "http://www.w3.org/TR/xhtml1/DTD/xhtml1-transitional.dtd">
<html xmlns="http://www.w3.org/1999/xhtml" xml:lang="en" lang="en">
 <head>
  <title>
</title>
<meta http-equiv="Content-Type" content="text/html;charset=utf-8" />
  <meta name='ocr-system' content='tesseract 3.04.00' />
  <meta name='ocr-capabilities' content='ocr_page ocr_carea ocr_par ocr_line ocrx_word'/>
</head>
<body>
  <div class='ocr_page' id='page_1' title='image "./piivipontmaxact01piusgoog_0124.png"; bbox 0 0 2424 4196; ppageno 0'>
   <div class='ocr_carea' id='block_1_1' title="bbox 628 222 806 282">
    <p class='ocr_par' dir='ltr' id='par_1_1' title="bbox 628 222 806 282">
     <span class='ocr_line' id='line_1_1' title="bbox 628 222 806 282; baseline 0.006 -1"><span class='ocrx_word' id='word_1_1' title='bbox 628 222 806 282; x_wconf 86' lang='lat'>-116-</span> 
     </span>
    </p>
   </div>
   <div class='ocr_carea' id='block_1_2' title="bbox 213 325 1171 1338">
    <p class='ocr_par' dir='ltr' id='par_1_2' title="bbox 213 325 1171 1338">
     <span class='ocr_line' id='line_1_2' title="bbox 214 325 1170 405; baseline -0.005 -15"><span class='ocrx_word' id='word_1_2' title='bbox 214 332 335 390; x_wconf 84' lang='lat' dir='ltr'>starum</span> <span class='ocrx_word' id='word_1_3' title='bbox 348 326 486 405; x_wconf 91' lang='lat' dir='ltr'>opinioni</span> <span class='ocrx_word' id='word_1_4' title='bbox 501 326 586 387; x_wconf 81' lang='lat' dir='ltr'>vires</span> <span class='ocrx_word' id='word_1_5' title='bbox 607 327 759 388; x_wconf 86' lang='lat' dir='ltr'>maximas</span> <span class='ocrx_word' id='word_1_6' title='bbox 773 327 887 386; x_wconf 79' lang='lat' dir='ltr'>addere</span> <span class='ocrx_word' id='word_1_7' title='bbox 901 325 1048 386; x_wconf 75' lang='lat' dir='ltr'>debuerit</span> <span class='ocrx_word' id='word_1_8' title='bbox 1061 344 1170 386; x_wconf 90' lang='lat' dir='ltr'>memo-</span> 
     </span>
     <span class='ocr_line' id='line_1_3' title="bbox 214 419 1171 498; baseline -0.006 -15"><span class='ocrx_word' id='word_1_9' title='bbox 214 427 319 483; x_wconf 80' lang='lat' dir='ltr'>ratum</span> <span class='ocrx_word' id='word_1_10' title='bbox 351 419 565 481; x_wconf 87' lang='lat' dir='ltr'>conuentionis</span> <span class='ocrx_word' id='word_1_11' title='bbox 596 420 756 480; x_wconf 86' lang='lat' dir='ltr'>decretum</span> <span class='ocrx_word' id='word_1_12' title='bbox 783 419 953 497; x_wconf 87' lang='lat' dir='ltr'>cupiditati</span> <span class='ocrx_word' id='word_1_13' title='bbox 981 436 1171 498; x_wconf 82' lang='lat' dir='ltr'>summopere</span> 
     </span>
     <span class='ocr_line' id='line_1_4' title="bbox 213 516 334 578; baseline -0.025 -2"><span class='ocrx_word' id='word_1_14' title='bbox 213 516 334 578; x_wconf 80' lang='lat' dir='ltr'>favens.</span> 
     </span>
     <span class='ocr_line' id='line_1_5' title="bbox 225 607 1171 686; baseline -0.008 -14"><span class='ocrx_word' id='word_1_15' title='bbox 225 665 228 672; x_wconf 94' lang='lat'><em>.</em></span> <span class='ocrx_word' id='word_1_16' title='bbox 273 611 337 670; x_wconf 89' lang='lat' dir='ltr'>Iam</span> <span class='ocrx_word' id='word_1_17' title='bbox 359 608 519 669; x_wconf 83' lang='lat' dir='ltr'>oraculum</span> <span class='ocrx_word' id='word_1_18' title='bbox 541 611 689 685; x_wconf 76' lang='lat' dir='ltr'>expectet</span> <span class='ocrx_word' id='word_1_19' title='bbox 709 608 799 669; x_wconf 88' lang='lat' dir='ltr'>Sedis</span> <span class='ocrx_word' id='word_1_20' title='bbox 812 607 1024 686; x_wconf 67' lang='lat' dir='ltr'>spostolicae,</span> <span class='ocrx_word' id='word_1_21' title='bbox 1040 623 1171 668; x_wconf 86' lang='lat' dir='ltr'>sacram·</span> 
     </span>
     <span class='ocr_line' id='line_1_6' title="bbox 213 697 1170 781; baseline -0.005 -18"><span class='ocrx_word' id='word_1_22' title='bbox 213 721 272 781; x_wconf 88' lang='lat' dir='ltr'>que</span> <span class='ocrx_word' id='word_1_23' title='bbox 293 703 325 761; x_wconf 92' lang='lat' dir='ltr'>iu</span> <span class='ocrx_word' id='word_1_24' title='bbox 347 702 496 764; x_wconf 84' lang='lat' dir='ltr'>eatotius</span> <span class='ocrx_word' id='word_1_25' title='bbox 517 702 602 762; x_wconf 88' lang='lat' dir='ltr'>orbis</span> <span class='ocrx_word' id='word_1_26' title='bbox 623 697 790 764; x_wconf 84' lang='lat' dir='ltr'>christiani</span> <span class='ocrx_word' id='word_1_27' title='bbox 805 702 886 763; x_wconf 90' lang='lat' dir='ltr'>bono</span> <span class='ocrx_word' id='word_1_28' title='bbox 900 699 1113 779; x_wconf 85' lang='lat' dir='ltr'>praesidentis</span> <span class='ocrx_word' id='word_1_29' title='bbox 1127 700 1170 758; x_wconf 89' lang='lat' dir='ltr'>be-</span> 
     </span>
     <span class='ocr_line' id='line_1_7' title="bbox 214 795 581 872; baseline 0.003 -17"><span class='ocrx_word' id='word_1_30' title='bbox 214 795 420 856; x_wconf 87' lang='lat' dir='ltr'>nedictionem</span> <span class='ocrx_word' id='word_1_31' title='bbox 441 795 581 872; x_wconf 75' lang='lat' dir='ltr'>flagitat,</span> 
     </span>
     <span class='ocr_line' id='line_1_8' title="bbox 293 888 620 960; baseline 0 -12"><span class='ocrx_word' id='word_1_32' title='bbox 293 888 485 950; x_wconf 79' lang='lat' dir='ltr'>Beatissimo</span> <span class='ocrx_word' id='word_1_33' title='bbox 506 889 620 960; x_wconf 80' lang='lat' dir='ltr'>Pater,</span> 
     </span>
     <span class='ocr_line' id='line_1_9' title="bbox 373 981 997 1056; baseline 0.006 -14"><span class='ocrx_word' id='word_1_34' title='bbox 373 981 561 1043; x_wconf 77' lang='lat' dir='ltr'>sanctitatis</span> <span class='ocrx_word' id='word_1_35' title='bbox 583 984 729 1056; x_wconf 76' lang='lat' dir='ltr'>Vestrae,</span> <span class='ocrx_word' id='word_1_36' title='bbox 992 1038 997 1046; x_wconf 94' lang='grc'><em>,</em></span> 
     </span>
     <span class='ocr_line' id='line_1_10' title="bbox 577 1071 1165 1157; baseline -0.009 -21"><span class='ocrx_word' id='word_1_37' title='bbox 577 1075 879 1157; x_wconf 80' lang='lat' dir='ltr'>obsequentissimus</span> <span class='ocrx_word' id='word_1_38' title='bbox 900 1079 934 1137; x_wconf 91' lang='lat' dir='ltr'>et</span> <span class='ocrx_word' id='word_1_39' title='bbox 953 1071 1165 1136; x_wconf 77' lang='lat' dir='ltr'>devotissimus</span> 
     </span>
     <span class='ocr_line' id='line_1_11' title="bbox 715 1169 1016 1229; baseline 0 -1"><span class='ocrx_word' id='word_1_40' title='bbox 715 1169 819 1228; x_wconf 87' lang='lat' dir='ltr'>Filius</span> <span class='ocrx_word' id='word_1_41' title='bbox 840 1185 876 1228; x_wconf 86' lang='lat' dir='ltr'>ac</span> <span class='ocrx_word' id='word_1_42' title='bbox 896 1170 1016 1229; x_wconf 86' lang='lat' dir='ltr'>Servus</span> 
     </span>
     <span class='ocr_line' id='line_1_12' title="bbox 433 1256 1164 1338; baseline -0.004 -18"><span class='ocrx_word' id='word_1_43' title='bbox 433 1256 568 1320; x_wconf 78' lang='lat' dir='ltr'>Carolus</span> <span class='ocrx_word' id='word_1_44' title='bbox 587 1260 657 1320; x_wconf 76' lang='lat' dir='ltr'>FF.</span> <span class='ocrx_word' id='word_1_45' title='bbox 673 1261 942 1338; x_wconf 77' lang='lat' dir='ltr'>Arcbiepiscopuc</span> <span class='ocrx_word' id='word_1_46' title='bbox 967 1261 1164 1322; x_wconf 75' lang='lat' dir='ltr'>Viennensis.</span> 
     </span>
    </p>
   </div>
   <div class='ocr_carea' id='block_1_3' title="bbox 516 1475 870 1537">
    <p class='ocr_par' dir='ltr' id='par_1_3' title="bbox 516 1475 870 1537">
     <span class='ocr_line' id='line_1_13' title="bbox 516 1475 870 1537; baseline -0.003 -2"><span class='ocrx_word' id='word_1_47' title='bbox 516 1475 870 1537; x_wconf 77' lang='lat' dir='ltr'><strong>RESPONSUM</strong></span> 
     </span>
    </p>
   </div>
   <div class='ocr_carea' id='block_1_4' title="bbox 209 1639 1165 2094">
    <p class='ocr_par' dir='ltr' id='par_1_4' title="bbox 209 1639 1165 2094">
     <span class='ocr_line' id='line_1_14' title="bbox 273 1639 1163 1720; baseline -0.007 -18"><span class='ocrx_word' id='word_1_48' title='bbox 273 1641 495 1702; x_wconf 84' lang='lat' dir='ltr'>Sanctissimus</span> <span class='ocrx_word' id='word_1_49' title='bbox 508 1645 546 1704; x_wconf 91' lang='lat' dir='ltr'>D.</span> <span class='ocrx_word' id='word_1_50' title='bbox 560 1643 599 1703; x_wconf 89' lang='lat' dir='ltr'>N.</span> <span class='ocrx_word' id='word_1_51' title='bbox 614 1641 690 1702; x_wconf 91' lang='lat' dir='ltr'>Pius</span> <span class='ocrx_word' id='word_1_52' title='bbox 704 1643 812 1704; x_wconf 82' lang='lat' dir='ltr'>divine</span> <span class='ocrx_word' id='word_1_53' title='bbox 826 1639 1029 1720; x_wconf 87' lang='lat' dir='ltr'>providentia</span> <span class='ocrx_word' id='word_1_54' title='bbox 1042 1641 1108 1700; x_wconf 90' lang='grc' dir='ltr'>ΡΡ.</span> <span class='ocrx_word' id='word_1_55' title='bbox 1118 1639 1163 1698; x_wconf 85' lang='lat' dir='ltr'>VI.</span> 
     </span>
     <span class='ocr_line' id='line_1_15' title="bbox 211 1732 1164 1814; baseline -0.002 -20"><span class='ocrx_word' id='word_1_56' title='bbox 211 1736 249 1796; x_wconf 91' lang='lat' dir='ltr'>de</span> <span class='ocrx_word' id='word_1_57' title='bbox 270 1735 401 1796; x_wconf 88' lang='lat' dir='ltr'>consilio</span> <span class='ocrx_word' id='word_1_58' title='bbox 415 1737 549 1798; x_wconf 85' lang='lat' dir='ltr'>selectae</span> <span class='ocrx_word' id='word_1_59' title='bbox 560 1737 775 1798; x_wconf 83' lang='lat' dir='ltr'>Gurdinalium</span> <span class='ocrx_word' id='word_1_60' title='bbox 788 1734 1063 1814; x_wconf 75' lang='lat' dir='ltr'>congregationis,</span> <span class='ocrx_word' id='word_1_61' title='bbox 1076 1732 1164 1812; x_wconf 80' lang='lat' dir='ltr'>quoad</span> 
     </span>
     <span class='ocr_line' id='line_1_16' title="bbox 210 1825 1165 1908; baseline -0.007 -18"><span class='ocrx_word' id='word_1_62' title='bbox 210 1830 343 1908; x_wconf 84' lang='lat' dir='ltr'>primam</span> <span class='ocrx_word' id='word_1_63' title='bbox 355 1833 476 1907; x_wconf 84' lang='lat' dir='ltr'>partem</span> <span class='ocrx_word' id='word_1_64' title='bbox 490 1825 641 1907; x_wconf 83' lang='lat' dir='ltr'>propositi</span> <span class='ocrx_word' id='word_1_65' title='bbox 655 1829 741 1889; x_wconf 91' lang='lat' dir='ltr'>dubii</span> <span class='ocrx_word' id='word_1_66' title='bbox 757 1830 990 1889; x_wconf 89' lang='lat' dir='ltr'>rescribendum</span> <span class='ocrx_word' id='word_1_67' title='bbox 1004 1845 1075 1886; x_wconf 88' lang='lat' dir='ltr'>esse</span> <span class='ocrx_word' id='word_1_68' title='bbox 1089 1844 1165 1886; x_wconf 89' lang='lat' dir='ltr'>man·</span> 
     </span>
     <span class='ocr_line' id='line_1_17' title="bbox 209 1919 1162 1992; baseline -0.005 -9"><span class='ocrx_word' id='word_1_69' title='bbox 209 1923 311 1992; x_wconf 87' lang='lat' dir='ltr'>davit,</span> <span class='ocrx_word' id='word_1_70' title='bbox 333 1925 520 1984; x_wconf 87' lang='lat' dir='ltr'>servandam</span> <span class='ocrx_word' id='word_1_71' title='bbox 540 1941 608 1983; x_wconf 87' lang='lat' dir='ltr'>csse</span> <span class='ocrx_word' id='word_1_72' title='bbox 622 1922 887 1984; x_wconf 73' lang='lat' dir='ltr'>constitutionem</span> <span class='ocrx_word' id='word_1_73' title='bbox 900 1920 1064 1982; x_wconf 78' lang='lat' dir='ltr'>Benedicti</span> <span class='ocrx_word' id='word_1_74' title='bbox 1085 1919 1162 1990; x_wconf 85' lang='lat' dir='ltr'>XIV,</span> 
     </span>
     <span class='ocr_line' id='line_1_18' title="bbox 209 2010 1162 2094; baseline -0.006 -16"><span class='ocrx_word' id='word_1_75' title='bbox 209 2018 297 2078; x_wconf 88' lang='lat' dir='ltr'>cuius</span> <span class='ocrx_word' id='word_1_76' title='bbox 312 2017 437 2077; x_wconf 88' lang='lat' dir='ltr'>initium</span> <span class='ocrx_word' id='word_1_77' title='bbox 454 2017 519 2076; x_wconf 78' lang='lat' dir='ltr'>Vico</span> <span class='ocrx_word' id='word_1_78' title='bbox 527 2019 679 2094; x_wconf 77' lang='lat' dir='ltr'>pervenit</span> <span class='ocrx_word' id='word_1_79' title='bbox 693 2017 742 2076; x_wconf 90' lang='lat' dir='ltr'>die</span> <span class='ocrx_word' id='word_1_80' title='bbox 758 2017 775 2076; x_wconf 93' lang='lat'>1</span> <span class='ocrx_word' id='word_1_81' title='bbox 791 2015 982 2079; x_wconf 88' lang='lat' dir='ltr'>Novembris</span> <span class='ocrx_word' id='word_1_82' title='bbox 1001 2014 1078 2075; x_wconf 90' lang='lat' dir='ltr'>anni</span> <span class='ocrx_word' id='word_1_83' title='bbox 1094 2010 1162 2074; x_wconf 74' lang='lat'>1745</span> 
     </span>
    </p>
   </div>
   <div class='ocr_carea' id='block_1_5' title="bbox 152 2109 1204 2826">
    <p class='ocr_par' dir='ltr' id='par_1_5' title="bbox 205 2109 462 2187">
     <span class='ocr_line' id='line_1_19' title="bbox 205 2109 462 2187; baseline -0.008 -17"><span class='ocrx_word' id='word_1_84' title='bbox 205 2112 242 2187; x_wconf 64' lang='lat'>5.</span> <span class='ocrx_word' id='word_1_85' title='bbox 259 2111 290 2170; x_wconf 90' lang='grc'>3.</span> <span class='ocrx_word' id='word_1_86' title='bbox 308 2128 393 2170; x_wconf 89' lang='lat' dir='ltr'>num.</span> <span class='ocrx_word' id='word_1_87' title='bbox 412 2109 462 2169; x_wconf 95' lang='grc'>11.</span> 
     </span>
    </p>

    <p class='ocr_par' dir='ltr' id='par_1_6' title="bbox 152 2197 1164 2649">
     <span class='ocr_line' id='line_1_20' title="bbox 271 2197 1164 2279; baseline -0.004 -18"><span class='ocrx_word' id='word_1_88' title='bbox 271 2202 376 2269; x_wconf 82' lang='lat' dir='ltr'>Quoad</span> <span class='ocrx_word' id='word_1_89' title='bbox 404 2204 569 2262; x_wconf 88' lang='lat' dir='ltr'>secundam</span> <span class='ocrx_word' id='word_1_90' title='bbox 594 2218 671 2262; x_wconf 82' lang='lat' dir='ltr'>uero</span> <span class='ocrx_word' id='word_1_91' title='bbox 685 2205 817 2279; x_wconf 87' lang='lat' dir='ltr'>partem</span> <span class='ocrx_word' id='word_1_92' title='bbox 842 2199 928 2260; x_wconf 90' lang='lat' dir='ltr'>dubii</span> <span class='ocrx_word' id='word_1_93' title='bbox 949 2197 1103 2277; x_wconf 85' lang='lat' dir='ltr'>propositi</span> <span class='ocrx_word' id='word_1_94' title='bbox 1122 2213 1164 2256; x_wconf 86' lang='lat' dir='ltr'>re·</span> 
     </span>
     <span class='ocr_line' id='line_1_21' title="bbox 210 2292 1160 2369; baseline -0.009 -13"><span class='ocrx_word' id='word_1_95' title='bbox 210 2295 405 2356; x_wconf 80' lang='lat' dir='ltr'>scribendum</span> <span class='ocrx_word' id='word_1_96' title='bbox 426 2312 493 2354; x_wconf 87' lang='lat' dir='ltr'>esse</span> <span class='ocrx_word' id='word_1_97' title='bbox 514 2296 688 2368; x_wconf 86' lang='lat' dir='ltr'>mandavit,</span> <span class='ocrx_word' id='word_1_98' title='bbox 703 2295 982 2356; x_wconf 84' lang='lat' dir='ltr'>servandamesse</span> <span class='ocrx_word' id='word_1_99' title='bbox 1002 2292 1160 2369; x_wconf 88' lang='lat' dir='ltr'>epistolam</span> 
     </span>
     <span class='ocr_line' id='line_1_22' title="bbox 152 2385 1163 2475; baseline -0.002 -29"><span class='ocrx_word' id='word_1_100' title='bbox 152 2464 155 2475; x_wconf 33' lang='grc'>1</span> <span class='ocrx_word' id='word_1_101' title='bbox 209 2387 401 2465; x_wconf 79' lang='lat' dir='ltr'>encyclicam</span> <span class='ocrx_word' id='word_1_102' title='bbox 422 2387 560 2448; x_wconf 88' lang='lat' dir='ltr'>eiusdem</span> <span class='ocrx_word' id='word_1_103' title='bbox 572 2387 735 2450; x_wconf 89' lang='lat' dir='ltr'>Benedicti</span> <span class='ocrx_word' id='word_1_104' title='bbox 748 2389 825 2448; x_wconf 85' lang='lat' dir='ltr'>XIV</span> <span class='ocrx_word' id='word_1_105' title='bbox 845 2389 884 2447; x_wconf 91' lang='lat' dir='ltr'>ad</span> <span class='ocrx_word' id='word_1_106' title='bbox 906 2404 1012 2446; x_wconf 87' lang='lat' dir='ltr'>omues</span> <span class='ocrx_word' id='word_1_107' title='bbox 1027 2385 1163 2446; x_wconf 79' lang='lat' dir='ltr'>Petrian-</span> 
     </span>
     <span class='ocr_line' id='line_1_23' title="bbox 210 2475 1161 2560; baseline -0.006 -18"><span class='ocrx_word' id='word_1_108' title='bbox 210 2483 302 2554; x_wconf 84' lang='lat' dir='ltr'>cbas,</span> <span class='ocrx_word' id='word_1_109' title='bbox 323 2479 580 2560; x_wconf 81' lang='lat' dir='ltr'>Arcbiepiscopcs</span> <span class='ocrx_word' id='word_1_110' title='bbox 601 2487 634 2542; x_wconf 93' lang='lat' dir='ltr'>et</span> <span class='ocrx_word' id='word_1_111' title='bbox 654 2481 822 2560; x_wconf 85' lang='lat' dir='ltr'>Episcopus</span> <span class='ocrx_word' id='word_1_112' title='bbox 844 2480 968 2542; x_wconf 78' lang='lat' dir='ltr'>diei¹2d</span> <span class='ocrx_word' id='word_1_113' title='bbox 989 2479 1072 2540; x_wconf 85' lang='lat' dir='ltr'>Iunii</span> <span class='ocrx_word' id='word_1_114' title='bbox 1097 2475 1161 2538; x_wconf 88' lang='lat' dir='ltr'>anni</span> 
     </span>
     <span class='ocr_line' id='line_1_24' title="bbox 211 2574 518 2649; baseline 0.007 -15"><span class='ocrx_word' id='word_1_115' title='bbox 211 2574 290 2636; x_wconf 80' lang='lat'>1749</span> <span class='ocrx_word' id='word_1_116' title='bbox 301 2574 352 2649; x_wconf 63' lang='grc' dir='ltr'>ἐξ.</span> <span class='ocrx_word' id='word_1_117' title='bbox 369 2575 406 2635; x_wconf 87' lang='grc'>19</span> <span class='ocrx_word' id='word_1_118' title='bbox 420 2577 454 2634; x_wconf 90' lang='lat' dir='ltr'>et</span> <span class='ocrx_word' id='word_1_119' title='bbox 468 2575 518 2636; x_wconf 81' lang='lat'>20.</span> 
     </span>
    </p>

    <p class='ocr_par' dir='ltr' id='par_1_7' title="bbox 211 2661 1204 2826">
     <span class='ocr_line' id='line_1_25' title="bbox 269 2661 1204 2746; baseline -0.007 -18"><span class='ocrx_word' id='word_1_120' title='bbox 269 2669 319 2728; x_wconf 84' lang='lat' dir='ltr'>Ex</span> <span class='ocrx_word' id='word_1_121' title='bbox 345 2668 483 2730; x_wconf 84' lang='lat' dir='ltr'>Aedibus</span> <span class='ocrx_word' id='word_1_122' title='bbox 509 2669 725 2738; x_wconf 87' lang='lat' dir='ltr'>Quirinalibus</span> <span class='ocrx_word' id='word_1_123' title='bbox 756 2669 806 2730; x_wconf 90' lang='lat' dir='ltr'>die</span> <span class='ocrx_word' id='word_1_124' title='bbox 837 2670 898 2730; x_wconf 88' lang='lat' dir='ltr'>XII</span> <span class='ocrx_word' id='word_1_125' title='bbox 928 2667 1067 2746; x_wconf 79' lang='lat' dir='ltr'>Augusti</span> <span class='ocrx_word' id='word_1_126' title='bbox 1096 2661 1159 2725; x_wconf 85' lang='lat' dir='ltr'>anui</span> <span class='ocrx_word' id='word_1_127' title='bbox 1203 2665 1204 2670; x_wconf 76' lang='grc'>’</span> 
     </span>
     <span class='ocr_line' id='line_1_26' title="bbox 211 2762 1138 2826; baseline -0.004 -4"><span class='ocrx_word' id='word_1_128' title='bbox 211 2762 415 2826; x_wconf 83' lang='lat' dir='ltr'><strong>MDOGXOV.</strong></span> <span class='ocrx_word' id='word_1_129' title='bbox 1122 2797 1138 2818; x_wconf 82' lang='grc'><strong>.</strong></span> 
     </span>
    </p>
   </div>
   <div class='ocr_carea' id='block_1_6' title="bbox 565 2927 1086 2990">
    <p class='ocr_par' dir='ltr' id='par_1_8' title="bbox 565 2927 1086 2990">
     <span class='ocr_line' id='line_1_27' title="bbox 565 2927 1086 2990; baseline 0.004 -4"><span class='ocrx_word' id='word_1_130' title='bbox 565 2929 604 2990; x_wconf 78' lang='lat' dir='ltr'>F.</span> <span class='ocrx_word' id='word_1_131' title='bbox 621 2930 662 2989; x_wconf 86' lang='lat' dir='ltr'>X.</span> <span class='ocrx_word' id='word_1_132' title='bbox 680 2927 871 2990; x_wconf 73' lang='lat' dir='ltr'>cardinalis</span> <span class='ocrx_word' id='word_1_133' title='bbox 890 2929 929 2988; x_wconf 82' lang='lat' dir='ltr'>de</span> <span class='ocrx_word' id='word_1_134' title='bbox 948 2929 1086 2990; x_wconf 79' lang='lat' dir='ltr'>Zelada.</span> 
     </span>
    </p>
   </div>
   <div class='ocr_carea' id='block_1_7' title="bbox 0 0 1216 4196">
    <p class='ocr_par' dir='ltr' id='par_1_9' title="bbox 0 0 1216 4196">
     <span class='ocr_line' id='line_1_28' title="bbox 0 0 1216 4196; baseline 0 1"><span class='ocrx_word' id='word_1_135' title='bbox 0 0 1216 4196; x_wconf 95' lang='lat' dir='ltr'> </span> 
     </span>
    </p>
   </div>
  </div>
 </body>
</html>
