2424 4196
246 321 328 379 nam,
350 321 441 382 quam
464 304 521 364 hac
543 303 612 380 ipsa
633 301 791 362 occasione
813 301 1019 374 transmittis,
1037 301 1070 360 in
1090 321 1145 378 qua
1159 305 1185 361 de

246 404 318 460 actu
333 396 536 460 subiectionis
550 395 741 472 reipublicae
755 395 878 472 legibus
895 411 998 454 sermo
1018 399 1077 468 est,
1093 395 1137 454 hio
1149 413 1186 472 ps

247 493 347 566 riter,
372 491 459 551 utin
482 490 615 562 cetaria,
638 489 776 549 animum
807 494 896 548 tuum
916 489 1114 566 Apostolicae
1132 490 1185 549 huia

247 587 321 648 Sodi
335 585 516 646 auscultare
532 582 767 658 paratissimum
782 582 982 658 agnoscimus
1008 585 1043 641 at
1056 600 1185 642 comnen-

247 681 365 740 damus.
382 679 437 751 ιιι,
463 680 498 737 ut
519 676 626 749 vides,
650 678 686 736 de
708 693 743 735 re
764 676 873 753 agitur
895 677 1023 736 maximi
1047 678 1183 748 momenti,
1199 697 1200 738 ι

247 774 300 834 vel
320 792 358 834 ea
378 772 411 830 in
427 789 460 832 ae
474 770 552 847 ipsa,
571 770 652 829 vel
644 789 675 828 ιιι
698 772 749 842 iis,
764 789 842 847 quae
864 770 936 830 inde
951 772 1098 848 consequi
1116 747 1200 832 iacta

247 869 409 943 poterunt,
421 865 636 924 consideretur
640 866 830 942 ,variaeque
852 866 984 943 proinde
1002 866 1159 926 existunt
1151 884 1184 923 rn-

248 959 327 1019 ter
320 977 403 1036 ipsos
424 958 520 1018 etiam
542 959 665 1019 Galliae
686 959 928 1033 ecclesiasticos,
941 977 977 1020 ac
992 978 1011 1020 a
1024 977 1058 1018 ae
1079 959 1182 1018 invicen

249 1050 468 1112 dissentientes
490 1050 662 1128 opiniones.
685 1052 884 1129 Quapropter
904 1054 970 1114 Nos
991 1051 1083 1112 offleii
1101 1049 1182 1112 Nostri

249 1162 316 1204 asse
330 1146 510 1222 putavimus
524 1163 592 1205 eam
607 1163 672 1206 rem
693 1145 872 1208 universam
887 1148 926 1206 ad
941 1147 1182 1207 accuratissimum
1200 1179 1201 1218 ,

248 1256 376 1299 examen
392 1241 544 1300 Nostrum
563 1257 724 1312 revocare,
740 1247 774 1302 et
788 1240 976 1317 peculiarem
998 1241 1182 1303 Cardinaliun

248 1333 528 1411 Conqregationem
558 1333 589 1393 in
617 1334 781 1394 consilium
808 1335 844 1394 da
866 1351 951 1394 mure
980 1334 1143 1404 adhibere,
1159 1334 1184 1390 ut

247 1429 369 1486 certum
390 1427 507 1504 aliqurd
529 1428 560 1488 in
583 1431 648 1488 tam
678 1429 769 1504 gravi
791 1445 826 1486 re
848 1430 1016 1488 decernere
1049 1428 1182 1506 possimus

249 1522 329 1598 quod
345 1539 414 1580 oum
430 1525 591 1597 peractum
606 1539 624 1581 a
637 1521 735 1583 Nobis
757 1520 866 1594 fuerit,
879 1521 988 1582 statim
1003 1523 1072 1582 eius
1085 1521 1182 1582 Deorcti

249 1615 361 1676 Nostri
377 1614 563 1691 participem
583 1617 629 1674 Te
650 1615 809 1675 faciemus.
827 1618 955 1676 uenum
985 1634 1004 1675 a
1031 1617 1126 1676 Nobis
1150 1633 1185 1691 po·

250 1709 350 1769 stulas
377 1708 566 1768 facultatum
588 1707 710 1768 Galliae
732 1708 1007 1786 Archiepiscopis,
1029 1709 1183 1787 Episcopis,

249 1821 285 1862 ac
303 1803 495 1862 Dioeoesinm
527 1801 836 1862 administratoribus
857 1803 974 1863 iamdiu
996 1819 1183 1864 concessarum

250 1897 514 1974 prorogationem.
530 1895 658 1957 Nullam
678 1894 905 1970 interponimus
927 1913 1061 1969 moram,
1077 1899 1185 1957 Venere

250 1991 323 2050 bilia
343 1992 478 2063 Frater,
499 1989 574 2067 quin
596 1989 653 2048 hac
674 1988 770 2048 etiam
791 1990 1030 2066 opportunitate
1051 1991 1185 2052 studiosis

250 2083 362 2142 simum
383 2083 535 2143 Nostrum
561 2082 592 2140 in
616 2084 661 2140 'Pe
682 2081 820 2141 animum
846 2082 1078 2144 confirmemus.
1100 2087 1202 2143 Prono,

251 2183 340 2255 gatus
362 2176 476 2252 igitur,
498 2179 534 2236 nt
553 2177 653 2254 cupis,
669 2195 720 2237 eas
741 2177 910 2237 facultates
931 2197 1080 2255 agnosces
1099 2182 1184 2238 exlio·

250 2275 337 2330 creto
359 2274 467 2329 nostro
488 2275 634 2330 recenter
655 2271 743 2349 typis
760 2273 863 2345 edito,
885 2272 973 2331 cuius
994 2273 1090 2350 plura
1109 2274 1140 2332 ad
1157 2273 1184 2328 Ta

250 2365 394 2440 exempla
407 2365 491 2423 hisce
502 2365 629 2425 Nostris
644 2365 837 2426 inclusat
780 2365 837 2426 mit
840 2365 946 2437 timus,
962 2385 982 2426 a
995 2367 1041 2426 Te
1057 2385 1124 2427 eum
1137 2369 1184 2424 tnue

251 2455 432 2533 provinciae
460 2456 620 2534 Episcopis
646 2458 913 2518 communicanda.
939 2460 1080 2537 Perge
1072 2479 1102 2518 ιιι
1106 2459 1204 2556 terin,

250 2550 449 2610 Venerabilis
469 2552 598 2624 Frater,
616 2556 651 2612 nt
671 2551 811 2628 coepisti,
828 2553 942 2611 bonnm
964 2558 1090 2613 certare
1110 2519 1204 2618 cero-l

252 2660 335 2716 men,
363 2643 504 2704 viriliter
521 2662 593 2721 age,
615 2648 649 2705 et
669 2645 792 2705 confort
779 2649 847 2706 tare
868 2646 900 2704 in
922 2646 1064 2707 Domino.
1087 2651 1204 2710 ceum

252 2743 325 2798 tuae
346 2737 442 2797 animi
464 2739 674 2813 fortitudinis,
700 2739 802 2799 tuac
794 2758 825 2798 ιιι
848 2743 944 2800 Deum
968 2741 1053 2815 fidei,
1075 2746 1109 2801 et
1125 2737 1204 2799 chri-1

251 2832 371 2892 stianae
394 2831 582 2909 patientiae,
607 2832 788 2904 doctrinae,
811 2832 1040 2910 charitatisque
1063 2829 1204 2908 exemplis*

252 2928 289 2988 ad
312 2926 575 3004 perseverandum
591 2925 764 2998 coufirma3
786 2928 910 3002 Nosque
922 2927 1071 2988 existima
1084 2925 1153 2987 omni
1163 2924 1182 2980 in

252 3023 297 3079 Te
319 3022 451 3096 paterno
479 3019 688 3078 inflammatos
716 3020 819 3079 studio
841 3020 911 3080 Tibi
940 3037 1072 3097 cupere,
1100 3019 1204 3094 Tibia

252 3116 287 3173 D.
305 3114 341 3172 0.
358 3114 401 3172 M.
419 3112 559 3189 precari,
589 3117 624 3172 ut
644 3112 836 3189 multiplicet
864 3132 957 3190 super
979 3117 1043 3189 Te,
1065 3119 1097 3175 et
1114 3124 1183 3187 super

251 3205 358 3265 fideles
373 3211 445 3265 tuae
461 3205 614 3266 Dioeoesis
629 3207 757 3282 populos
779 3207 1023 3268 misericordiam
1048 3225 1136 3276 suam,
1147 3219 1185 3260 vt·

251 3303 392 3375 atrosque
405 3301 520 3371 luctus,
530 3299 651 3359 labores
668 3317 704 3359 ac
718 3317 883 3360 aerumnas
897 3319 1004 3362 omnes
1018 3302 1048 3362 in
1063 3298 1183 3380 gaudium

252 3393 397 3464 taudem,
420 3393 528 3470 suique
550 3392 689 3468 Spiritus
721 3395 963 3455 consolationem
985 3397 1146 3456 convertat.
1160 3389 1183 3444 111

252 3483 340 3543 cuius
369 3484 607 3547 benevolentiae
638 3487 795 3562 Nostrae,
819 3489 940 3566 Tuique
969 3479 1204 3550 existimationis,
