2430 4202
635 218 673 230 ..
693 188 753 248 292
775 218 812 232 -

340 309 399 369 que
419 291 563 369 Episcopi
582 294 689 370 Agnae
703 296 737 352 et
751 295 872 356 Vicarii
889 300 1063 375 Apostolici
1074 305 1111 362 te·

338 403 424 446 mere
451 388 654 464 usurpantis,
682 389 715 450 in
738 389 939 452 Britanniam
966 395 1112 470 profectus

339 480 451 540 faerit:
474 481 638 559 ipsumque
659 488 825 558 praeterea
845 485 941 563 eligit
964 488 997 548 in
1025 491 1112 551 totins

340 574 499 635 exercitus
522 575 726 658 ordinariam
758 579 796 637 ad
828 577 933 638 instar
965 583 1113 659 (inpellant

338 668 480 730 Maioris.
511 668 568 729 (lui
589 672 755 744 practerea
775 667 960 732 facultatem
983 674 1115 752 imperti·

342 768 396 825 tur
431 762 614 822 consulendi
643 762 805 838 spirituali
837 765 979 826 fidelium
1010 769 1119 828 aliena·

339 876 410 919 rum
431 856 616 916 dioecesium
638 858 729 930 bono,
744 858 868 933 quotics
883 864 990 920 tamen
1005 879 1043 922 ea
1056 863 1117 922 loca

337 951 482 1029 legitimo
493 955 621 1011 careant
631 950 845 1010 eeclesiastico
857 953 1033 1028 superiore:
1049 958 1117 1016 haec

339 1061 417 1103 vero
432 1043 536 1102 omnia
557 1044 594 1102 ad
617 1059 731 1102 annum
745 1060 840 1102 unum
856 1048 1012 1106 concedit.
1047 1066 1116 1125 pap.
1147 1049 1172 1116 ll

239 1139 319 1200 1794
339 1136 651 1198 5Martii-Litteras
666 1141 1117 1202 ruas.nudcvicoStcnis1cc

337 1232 486 1292 Xaverio
508 1231 635 1288 comiti
654 1231 867 1290 Provinciae.
883 1232 977 1291 Dolet
993 1234 1118 1308 petitio·

251 1345 253 1348 ·
337 1325 387 1384 nis
407 1323 475 1383 eius
495 1325 728 1398 argumentum:
741 1325 776 1382 at
795 1325 938 1382 coactum
954 1342 989 1383 se
1003 1325 1117 1386 fatetur

336 1419 458 1478 aditum
481 1416 683 1493 praecludere
705 1415 890 1492 Emigratis,
914 1418 968 1493 qui
984 1419 1117 1478 exireat

336 1510 468 1572 Etruria
489 1509 656 1581 iubentnr;
678 1509 914 1572 Ecclesiasticos
939 1515 1047 1572 tamen
1071 1531 1117 1571 ex·

339 1604 417 1681 cipit
462 1646 1062 1665 ............
1099 1623 1114 1664 »
1146 1603 1171 1660 81

338 1700 354 1758 1
366 1697 488 1775 Aprilis
502 1730 515 1743 -
529 1697 695 1772 Responsa
709 1695 789 1757 data
803 1717 821 1756 a
835 1698 1045 1760 Sanctissimo
1065 1702 1116 1760 Do-

232 1843 234 1847 ,
337 1791 421 1852 mino
441 1792 558 1852 Nostro
581 1793 617 1848 de
644 1789 777 1850 consilio
808 1791 944 1852 selectae
975 1793 1116 1852 Cardine·

336 1886 415 1946 lium
425 1884 683 1960 Congregationis
695 1886 843 1943 diversis
855 1888 1112 1955 quaestionibus

335 1982 447 2040 eidem
469 1978 653 2038 sanctitati
674 1981 761 2036 Suae
780 1981 1006 2049 propositis.
1051 2024 1058 2040 .
1098 1996 1113 2039 a
1145 1976 1172 2034 82

372 2075 418 2133 De
439 2069 623 2130 assistentia
643 2069 783 2129 fidelium
805 2071 958 2132 sacrificio
980 2073 1115 2134 euchari-

335 2167 426 2238 stico,
450 2162 590 2239 vesperis
612 2162 745 2240 aliisque
773 2164 907 2240 publicis
934 2167 1115 2243 precibusa

334 2261 441 2320 iurato
461 2258 595 2334 parocho
617 2257 669 2316 vel
689 2259 849 2338 sacerdote
875 2259 1055 2320 celebratis.
1077 2263 1116 2320 De

333 2353 529 2414 absolutione
541 2353 575 2410 et
585 2353 798 2410 communione
812 2349 911 2413 etiam
925 2352 958 2411 in
967 2354 1115 2414 Paschate

334 2445 387 2506 vel
409 2446 441 2505 in
464 2444 579 2505 mortis
602 2444 738 2504 articulo
767 2447 805 2506 ab
833 2446 945 2505 iisdem
974 2448 1114 2524 petenda.

333 2541 414 2600 Item
435 2540 472 2598 de
494 2540 689 2600 sacramento
710 2537 916 2615 Baptismatis
944 2557 981 2598 ac
1002 2538 1116 2616 patrini

335 2650 483 2708 munere3
505 2633 582 2694 item
605 2631 643 2691 de
657 2636 852 2692 sacramento
864 2633 1072 2707 matrimonii,
1087 2635 1117 2690 et

334 2727 373 2786 de
393 2727 607 2787 benedictione
629 2726 796 2786 mulierum
817 2728 889 2802 post
909 2728 1050 2802 partum.
1076 2727 1116 2785 De

333 2819 550 2881 consumendis
564 2819 675 2880 hostiis
690 2817 893 2892 consecratis,
910 2837 947 2878 nc
963 2818 995 2876 in
1011 2834 1116 2879 manns

334 2917 534 2976 Iatrusorum
556 2913 737 2974 deveniant.
761 2914 805 2972 De
827 2911 916 2971 cultu
944 2912 1116 2972 exhibendo

196 3023 202 3035 ¹
301 3035 302 3041 ¹
332 3011 444 3070 iisdem
475 3007 588 3068 hostiis
615 3006 808 3068 consecratis
834 3007 873 3066 ab
901 3006 1047 3066 intrusis.
1075 3008 1122 3066 De'

333 3103 439 3182 poenis
460 3104 572 3162 contra
585 3119 638 3161 eos
653 3100 706 3179 qui
719 3100 929 3160 iuramentum
948 3101 1118 3178 praestite-

333 3201 410 3259 runt
429 3195 592 3256 libertatis
606 3199 640 3256 et
653 3195 859 3272 aequalitatis
876 3196 1061 3256 servandae.
1077 3196 1117 3254 De

331 3290 485 3352 facultate
494 3288 667 3367 postulata,
684 3292 721 3350 ut
734 3289 948 3354 sacerdotibus
961 3288 1059 3349 liceat
1073 3305 1117 3348 sa·

329 3403 385 3446 cra
405 3385 475 3444 olea
499 3400 682 3444 consecrare
725 3426 1054 3444 .......
1095 3396 1112 3438 n
1144 3371 1174 3431 ib·

372 3478 533 3539 indultum
555 3493 734 3538 concessum
756 3475 902 3536 fidelibus
921 3477 1025 3554 Regni
1046 3472 1116 3535 Gal·
