2426 4192
42 319 166 380 labentis
187 319 261 380 anni
283 318 366 378 datis
386 320 424 379 ad
448 321 667 380 Reverendiss.
686 323 721 380 D.
738 321 859 382 Romus
880 321 993 380 Vices-

43 415 206 491 gerentem,
222 411 332 490 quibus
346 411 488 474 declarat
507 414 632 490 penitus
647 413 796 473 illicitum
811 413 893 473 istud
909 413 994 475 iura-

41 512 171 566 mentum
193 505 225 564 in
248 522 325 582 puro
346 523 381 565 ac
403 507 514 566 nativo
539 525 629 566 sensu
652 525 708 567 suo
729 513 909 584 acceptum,
933 525 991 565 non

41 603 82 658 est
101 598 235 675 amplius
256 598 474 670 dubitandum,
490 599 563 675 quin
579 617 598 659 a
612 616 803 677 quocumque
818 598 990 659 christiano

40 693 187 752 catholico
211 711 269 752 non
292 691 432 769 potuerit
453 691 623 770 praestari.

91 786 209 846 Statim
231 791 324 862 atque
345 786 543 862 pervenitad
567 805 622 845 nos
643 786 735 846 huius
755 786 815 859 rei,
828 789 992 863 quantum·

39 879 81 937 ris
100 881 268 940 retardata
289 878 421 950 notitia,
443 895 520 938 onus
547 880 768 957 assumpsimus
789 881 825 939 de
847 879 905 939 illa
925 897 993 939 cer·

39 971 128 1031 tiores
159 970 294 1032 faciendi
316 972 457 1033 Vioarios
480 975 600 1032 nostros
622 973 784 1049 generales
806 990 861 1048 per
887 976 992 1033 trans-

39 1064 149 1141 scripta
169 1065 282 1124 horum
301 1067 451 1124 Brevium
473 1065 628 1143 exempla,
652 1069 688 1125 ut
708 1083 777 1125 cum
799 1064 905 1125 debita
918 1080 991 1124 cau-

38 1157 95 1217 tela
115 1157 255 1217 monitos
281 1158 441 1230 facerent,
463 1157 517 1234 qui
538 1160 596 1217 hoc
617 1145 794 1218 iuramento
815 1163 919 1218 essent
939 1158 992 1217 ob-

37 1250 154 1324 stricti3
177 1249 407 1310 needefuimus
434 1249 566 1310 cuilibet
588 1250 762 1326 requirenti
784 1255 989 1311 consentanea

38 1345 103 1403 dare
123 1361 292 1420 responsa3
314 1345 365 1402 sed
388 1347 462 1402 tunc
482 1343 580 1403 libere
602 1342 686 1420 loqui
708 1348 802 1419 atque
823 1361 915 1420 agere
930 1362 989 1403 non

37 1436 132 1509 licuit,
155 1439 287 1513 propter
308 1453 434 1496 severas
448 1455 467 1497 a
481 1433 635 1495 ministris
650 1434 813 1513 regiminis
833 1437 989 1498 adhibitae

36 1529 249 1605 inquisitiones
263 1532 413 1590 adversus
427 1547 492 1601 eos,
507 1529 561 1606 qui
577 1528 692 1588 talibus
706 1529 900 1605 publicandis
914 1533 991 1590 Bre-

36 1623 118 1684 vibaa
138 1625 396 1700 cooperarentur.

86 1718 177 1778 Nunc
200 1719 304 1776 autem
326 1733 409 1786 cum,
432 1714 609 1793 opitulante
625 1719 698 1790 Deo,
714 1716 745 1775 in
768 1717 934 1794 pristinam
948 1717 990 1778 li-

36 1803 183 1870 bertatem
200 1809 295 1870 simus
317 1809 480 1880 vindicati,
496 1814 530 1869 et
543 1811 575 1869 S.
592 1810 732 1871 Ecclesia
745 1811 880 1871 liberata
894 1813 937 1872 sit
951 1811 990 1872 ab

37 1919 76 1975 ee,
96 1904 127 1962 in
151 1920 215 1980 qua
230 1904 385 1979 gemebat,
401 1902 571 1976 servitute,
589 1903 650 1964 iam
667 1922 754 1964 suum
772 1904 902 1964 sortitae
916 1909 991 1965 sunt

37 1995 170 2055 effectum
194 1996 370 2072 pastorales
392 2001 516 2055 nostrae
532 1997 780 2071 sollicitudines3
802 1998 988 2059 multienim

36 2089 235 2162 praeteritum
251 2091 445 2149 detestantes
457 2090 609 2166 regimen,
622 2092 684 2150 Deo
696 2091 890 2152 reconciliati
903 2095 987 2166 sunt,

36 2183 119 2256 atque
140 2180 283 2257 iniquum
305 2181 514 2242 iuramentum
530 2183 562 2240 in
582 2183 661 2242 actis
683 2184 815 2260 publicis
836 2185 990 2245 cancella-

35 2273 91 2333 riae
113 2278 242 2334 nostree
264 2275 446 2335 solemniter
467 2279 694 2337 retractarunt.

85 2365 301 2431 Nihilominus
317 2371 435 2442 temen,
452 2372 488 2428 ut
503 2368 606 2428 nullus
627 2367 839 2429 iurisdictioni
861 2371 989 2428 nostrae

35 2462 169 2524 subditus
192 2466 353 2522 remaneat
373 2460 502 2538 ignarus
521 2479 682 2539 supremae
698 2463 790 2539 huius
810 2461 989 2538 pontificiae

35 2555 212 2629 decisionis,
234 2561 327 2632 atque
349 2555 407 2616 tali
433 2554 611 2615 iuramento
631 2555 821 2627 obstrictus,
843 2572 990 2632 praescn-

34 2648 104 2710 tium
125 2651 252 2711 virtute
273 2666 341 2709 eam
364 2649 504 2709 omnibus
525 2651 720 2726 perspectam
743 2648 887 2720 facimus,
902 2650 987 2708 etad

34 2741 105 2803 hanc
125 2743 290 2814 effectum,
311 2760 382 2802 cum
404 2741 499 2802 simus
520 2742 552 2802 in
575 2743 741 2813 Adventu,
764 2742 843 2818 quod
865 2741 987 2818 quidem

35 2837 146 2911 tempus
169 2837 200 2896 in
223 2837 362 2898 Ecclesia
381 2839 612 2898 sacrosanctum
635 2838 697 2907 est,
713 2835 855 2894 omnibus
876 2851 988 2911 appro-

34 2927 105 2989 betis
119 2930 320 2992 confessariis
335 2929 530 2990 concedimus
550 2927 731 3000 facultates,
748 2930 783 2988 nt
798 2926 918 3004 possint
932 2927 988 2985 ab·

34 3023 146 3084 solvere
165 3023 374 3100 poenitentes,
390 3023 441 3100 qni
461 3040 519 3100 pro
542 3023 598 3081 hoc
619 3020 743 3080 obiecto
765 3037 818 3080 eos
837 3018 985 3094 adierint,

33 3113 82 3174 sub
99 3133 138 3176 ea
160 3117 264 3174 temen
297 3115 495 3186 conditione,
519 3114 599 3191 quod
627 3110 833 3171 cancellariae
862 3114 987 3172 nostrae

34 3207 178 3281 generali,
194 3207 261 3268 eive
282 3207 400 3268 lonensi
421 3207 614 3268 exhibebunt
628 3205 660 3265 in
677 3204 804 3282 scriptis
819 3205 987 3266 solemnem

33 3295 137 3362 debitis
148 3301 181 3361 in
196 3300 305 3362 formis
320 3301 491 3364 iuramenti
505 3299 594 3361 illius
615 3299 872 3360 retractationem
889 3298 987 3362 Nobis

34 3393 197 3453 successive
219 3393 485 3454 restituendam...

85 3485 332 3564 Quamprimum
353 3491 533 3564 praesentes
553 3487 662 3550 affixae
676 3504 711 3548 ac
725 3486 902 3572 publicatae
919 3486 986 3547 fue·
