2488 4204
216 258 315 318 iorem
336 252 538 332 expostulare
559 251 712 312 videntur
732 251 1005 311 dilucidationem:
1019 255 1096 312 sunt
1111 267 1185 311 vero
1238 315 1239 322 χ

218 349 382 412 eiusmodi.
1238 335 1239 356 ³

276 447 371 506 Num.
398 443 418 501 3
443 443 478 501 et
503 443 523 501 4
544 457 603 518 pro
630 439 826 499 absolutione
854 457 963 498 eorum
991 457 1032 500 ex
1058 438 1185 516 populo,
1238 431 1239 465 ³

217 538 271 616 qni
291 536 509 597 iusiurandum
531 533 665 593 civicum
688 534 939 610 praestiterunt,
962 536 998 592 et
1012 551 1079 592 sese
1102 533 1189 592 schi—
1233 595 1234 598 Ἴ

217 631 328 692 amatis
349 647 420 690 reos
444 630 633 702 effecerunt,
658 626 842 687 decernitur
862 646 880 687 a
902 628 1038 704 parocho
1061 625 1189 703 profes-
1238 618 1239 656 ³

216 728 335 787 sionem
365 723 439 784 tidei
460 741 479 782 a
499 721 635 782 coneilio
656 721 843 781 Tridentino
869 720 1100 798 praescriptam
1133 738 1189 796 pu·
1238 712 1239 747 ³

217 821 298 881 blioe
324 816 587 896 pronunciandam
616 833 701 889 esse,
725 814 773 875 ita
801 818 838 874 nt
867 814 972 891 quivis
996 831 1034 872 ex
1070 813 1187 891 populo
1226 805 1239 857 ·'³

217 913 313 974 verba
329 911 498 972 sacerdotis
511 909 622 969 deinde
636 911 773 985 repetat,
796 926 875 984 quae
889 909 1003 968 emissa
1014 907 1087 966 fidei
1117 925 1188 984 pro-
1236 903 1239 939 ³

217 1009 350 1068 sessione
371 1005 615 1082 subiunguntur.
632 1002 786 1079 Populum
808 1019 864 1078 pro
885 1002 952 1060 foro
974 1006 1113 1062 externo
1136 1003 1188 1062 ab·
1234 996 1239 1033 ³

217 1101 400 1162 solvendum
412 1115 491 1170 esse,
504 1097 587 1157 serio
598 1099 703 1156 tamen
718 1097 905 1156 monendum
920 1097 999 1156 hano
1013 1095 1188 1156 absolutio·
1229 1095 1239 1124 ³

217 1213 286 1254 nem
301 1211 358 1270 pro
373 1192 441 1251 foro
459 1192 587 1251 interno
609 1188 817 1250 conscientiae
833 1189 898 1248 vim
917 1190 1037 1249 nullam
1054 1191 1186 1264 habere,

218 1288 271 1347 aed
293 1287 345 1364 qui
367 1286 456 1347 illam
478 1285 542 1346 rite
557 1283 699 1344 obtinere
715 1283 808 1356 velit,
831 1300 901 1343 eum
923 1282 955 1342 in
971 1300 1063 1343 sacro
1085 1285 1188 1344 tribu·
1225 1291 1239 1387 i*

218 1382 283 1442 nali
304 1399 430 1454 coram,
454 1381 557 1441 animo
580 1397 654 1438 vere
675 1377 815 1449 contrito
835 1395 868 1437 se
889 1394 1034 1438 accusare
1058 1378 1185 1439 debere:
1224 1377 1239 1414 ’³

216 1492 328 1535 verum
350 1473 383 1533 in
397 1473 526 1535 Nostris
546 1471 728 1549 apostolicis
741 1470 865 1532 litteris
878 1471 939 1530 diei
955 1473 995 1533 29
1010 1471 1126 1532 martii
1143 1491 1191 1532 su·
1225 1474 1239 1535 {¹

217 1568 351 1646 perieris
366 1567 452 1639 anni,
475 1567 507 1626 in
522 1567 634 1642 quibus
649 1565 856 1643 amplissimas
869 1565 1038 1625 facultates
1061 1583 1190 1626 conces-
1231 1561 1239 1646 ’ἦ

217 1663 313 1722 simus
334 1659 587 1738 archiepiscopis,
604 1663 638 1719 et
658 1659 809 1736 episeopis
829 1659 920 1736 regni
932 1659 1131 1732 Galliarum,
1146 1665 1191 1720 at·
1238 1659 1239 1695 l

216 1773 276 1832 que
297 1756 383 1815 inter
404 1772 457 1814 eas
478 1754 663 1814 facultatem
685 1752 782 1814 etiam
803 1751 986 1813 absolvendi
1011 1752 1112 1826 illos,
1139 1751 1191 1830 qui
1234 1751 1239 1788 *³

217 1849 379 1910 schismati
400 1850 632 1919 adhaeserunt,
654 1849 688 1906 et
707 1846 841 1905 civicum
870 1847 1085 1907 iuramentum
1110 1867 1191 1926 pure

217 1947 251 2003 et
272 1941 458 2020 simpliciter
479 1941 670 2014 emiserunt,
698 1942 778 2000 huarro
803 1957 951 2019 expresse
971 1941 1192 2004 conditionem
1234 1939 1239 1979 *³

216 2036 450 2113 requisivimus:
466 2035 636 2095 Dummodo
651 2039 768 2106 tamen,
791 2051 844 2093 sen
867 2039 973 2110 postea
994 2053 1088 2111 quam
1104 2037 1192 2097 idem
1231 2088 1233 2099 ,

216 2130 427 2189 iuramentum
449 2128 573 2205 publice
593 2131 626 2187 et
646 2127 749 2204 palam
771 2127 1031 2200 retractaverint,
1051 2131 1088 2188 et
1110 2131 1193 2192 fide·
1233 2141 1234 2164 ³

217 2223 296 2283 lium
318 2220 497 2282 scandalum
525 2220 747 2296 reparaverint
777 2237 813 2279 eo
833 2220 960 2280 meliori
987 2220 1101 2294 modo,
1129 2243 1192 2302 quo

217 2315 287 2375 fleri
309 2315 440 2393 poterit.
456 2317 559 2375 Tuum
580 2313 686 2394 itaque
707 2313 782 2389 erit,
798 2315 989 2376 venerabilis
1008 2315 1132 2392 irater,
1159 2322 1193 2379 ut
1238 2317 1239 2350 ³

217 2407 406 2487 delegationi
428 2409 514 2470 omni
534 2428 574 2469 ex
596 2415 685 2487 parte
705 2410 869 2470 inhaereas
883 2409 975 2470 iuxta
989 2426 1194 2486 praememo-
1238 2407 1239 2462 l

217 2506 304 2563 ratas
317 2505 450 2564 Nostrae
471 2503 660 2580 apostolicas
681 2503 824 2577 litteras,
846 2519 993 2579 expresse
1013 2502 1116 2563 etiam
1143 2507 1192 2566 in·

216 2597 359 2675 iungere,
386 2601 467 2676 quod
488 2597 618 2672 nemini,
641 2598 695 2675 qui
717 2598 927 2657 iuramentum
948 2597 1085 2656 civicum
1108 2601 1192 2660 emi·

217 2689 310 2764 serit,
335 2692 491 2752 absolutio
516 2693 630 2765 detur,
657 2691 718 2750 nisi
746 2690 958 2751 iuramentum
985 2690 1067 2749 idem
1090 2699 1192 2753 antea

216 2784 321 2862 palam
332 2787 366 2844 et
379 2785 502 2861 publice
517 2783 760 2859 retractaverim
774 2803 836 2861 qua
849 2783 1077 2844 retractatione
1093 2803 1191 2861 prae·

216 2878 322 2952 missa,
339 2878 440 2939 danda
460 2878 616 2937 absolutio
630 2879 695 2938 erit
714 2878 805 2938 iuxta
818 2895 887 2939 eam
909 2877 1091 2950 formulam,
1104 2897 1191 2955 quac

216 2974 255 3033 ad
276 2972 392 3033 calcem
414 2975 487 3034 tuae
509 2972 676 3049 pastoralis
703 2971 856 3048 epistolae
883 2973 1076 3030 recensetur.
1094 2971 1190 3037 Quod

216 3065 333 3142 siquis
354 3065 548 3142 praedictam
570 3065 829 3125 retractationem
857 3065 977 3141 palam,
1003 3066 1038 3122 et
1055 3064 1191 3140 publice

215 3159 317 3218 facere
348 3158 624 3235 praetermiserit,
651 3160 687 3218 ed
717 3175 785 3218 eam
806 3157 982 3218 faciendam
1008 3157 1190 3234 adigendus

216 3251 281 3311 erit
300 3255 467 3329 antequam
488 3251 693 3313 absolutionis
707 3250 857 3311 beneficio
873 3252 1017 3311 donetur.

255 3345 349 3404 Num.
366 3343 579 3406 5decernitur
593 3347 673 3422 quod
688 3347 885 3421 «antequam
906 3344 1038 3421 populus
1056 3347 1188 3410 ratione

215 3439 550 3502 antedioteabaolutus
570 3438 853 3501 luerit...»nullus
867 3438 899 3497 in
921 3439 1055 3501 ecclesia
1075 3442 1188 3504 cultus
