2426 4192
429 241 607 302 -189-

49 351 163 424 possetu
185 348 223 407 ad
247 345 454 424 perditionem
475 347 560 406 orbis
582 347 744 406 terrarum
766 345 906 406 universi
932 363 1007 404 con·

49 441 266 501 stituerentur.

101 535 176 601 Quid
208 535 287 610 quod
311 535 384 594 dum
404 533 458 610 qui
480 551 518 594 ex
540 533 669 596 Nostris
691 549 751 592 non
778 535 891 604 erant,
922 533 1005 594 omui

50 627 242 688 simulatione
257 627 409 703 deposita,
426 645 485 687 non
500 629 591 687 modo
612 645 645 687 se
666 645 685 688 a
705 626 802 688 Nobis
823 643 1009 704 segregave-

46 724 125 793 runt,
142 721 195 780 sed
211 719 307 778 etiam
330 719 543 780 characterem
566 719 683 780 bestiae
705 719 736 779 in
760 718 919 780 frontibus
941 721 1005 780 suis

45 813 252 891 praeferentes
273 831 342 872 cum
361 815 451 890 Agno
473 815 706 890 pugnaverunt,
723 813 899 890 bellumque
921 831 1006 874 acer·

44 905 198 965 bissimum
219 908 331 966 eontra
350 906 522 966 Ecclesiam
545 909 730 983 gesserunt;
753 905 851 966 ceteri
873 925 1003 984 quorum

46 999 166 1060 nomina
181 999 299 1076 scripta
314 1002 387 1058 sunt
408 998 439 1057 in
461 997 543 1059 libro
559 997 656 1069 vitae,
674 999 721 1059 ita
741 1001 777 1058 ad
800 1017 921 1060 omnem
937 1017 1006 1060 sen·

43 1093 182 1153 etitatem
206 1095 413 1164 exarserunt,
437 1093 473 1150 ut
493 1109 531 1150 ne
554 1094 628 1150 tuno
650 1091 772 1168 quidem
795 1110 864 1152 cum
885 1097 1006 1169 tempo·

44 1183 122 1244 ribus
153 1185 364 1263 pacatissimis
394 1188 539 1246 uteretur
560 1185 719 1257 Ecclesia,
750 1187 814 1244 tam
842 1188 951 1261 aperta
971 1184 1003 1245 in

42 1277 219 1339 christianis
241 1279 390 1356 gregibus
412 1278 549 1356 Religio,
566 1283 631 1338 tam
653 1279 744 1339 llrma
764 1278 852 1351 tides,
870 1281 933 1338 tam
956 1279 1003 1336 iu-

43 1371 196 1432 lemmata
211 1372 352 1431 charitas
367 1371 465 1432 fuerit
481 1390 623 1449 umquam
641 1371 818 1449 perspecta?
832 1372 918 1437 Quod
934 1389 1002 1430 cum

41 1465 71 1524 de
86 1466 234 1544 gregibus
248 1465 371 1526 Galliae
394 1465 562 1539 universis,
576 1471 643 1526 tum
659 1466 754 1524 etiam
770 1467 806 1524 de
823 1465 949 1538 ceteris,
966 1482 1002 1525 so

41 1561 198 1636 praecipue
212 1561 249 1618 de
265 1561 404 1620 Romano
418 1559 537 1620 Nostro
553 1577 612 1618 non
628 1557 695 1617 sine
710 1575 823 1634 magna
838 1557 934 1618 animi
956 1557 1004 1617 iu·

41 1653 196 1714 eunditate
216 1651 371 1726 audimus,
387 1651 441 1728 qui
456 1651 506 1732 (ut
519 1653 551 1713 S.
567 1655 696 1713 loannes
710 1652 953 1728 Ohrysostomus
968 1651 1000 1711 in

42 1747 140 1821 primis
161 1746 228 1807 illis
250 1745 444 1824 temporibus
459 1745 603 1806 meminit
617 1745 778 1822 accidisse)
801 1744 928 1806 etiamsi
943 1747 1001 1805 Pa·

42 1840 172 1900 storibus
194 1837 259 1898 suis
274 1837 402 1915 spoliati
416 1838 547 1912 fuerint,
564 1842 668 1898 tamen
684 1838 803 1898 obeam
820 1837 924 1911 fidem,
941 1857 1001 1915 qua

40 1949 65 1991 se
84 1933 301 2010 probaverunt
323 1930 498 2004 Ecclesiae,
520 1933 583 1992 Deo
604 1931 636 1990 in
660 1931 833 1991 custodiam
860 1931 997 2008 ipsorum

41 2024 198 2102 vigilante,
222 2041 329 2085 carere
350 2025 534 2085 Pastoribus
549 2024 613 2084 suis
628 2025 715 2085 nullo
730 2027 820 2084 modo
835 2028 908 2085 sunt
922 2024 996 2084 visi.

40 2119 219 2178 <versutus
248 2116 410 2191 diabolus,
433 2120 466 2176 et
487 2117 524 2176 ad
555 2119 720 2178 struendas
748 2120 840 2194 aptus
869 2115 998 2177 insidias

40 2211 247 2286 existimabat,
263 2212 289 2272 si
305 2214 452 2274 Pastores
468 2211 659 2284 sustulisset,
672 2211 778 2272 Ovilia
793 2229 825 2271 se
841 2209 932 2271 facile
955 2212 1001 2271 di·

39 2309 208 2382 rupturum,
225 2307 276 2364 sed
292 2305 346 2382 qui
360 2305 594 2383 comprehendit
608 2308 729 2366 astutos
744 2305 776 2364 in
792 2322 899 2365 eornnn
912 2310 999 2366 astu·

39 2397 89 2471 tia,
103 2399 271 2459 ostendens
285 2398 441 2459 Ecclesiae
463 2415 533 2458 suas
549 2415 609 2456 non
632 2398 671 2458 ab
692 2398 867 2458 hominibus
882 2400 998 2477 guber·

39 2493 114 2566 nari,
138 2509 249 2553 verum
271 2509 335 2566 eos,
358 2491 412 2568 qui
433 2491 465 2549 in
488 2489 588 2568 ipsium
610 2492 755 2565 credunt,
779 2509 942 2570 sempera
965 2512 1000 2554 se

38 2585 110 2660 regi,
128 2585 158 2646 id
174 2585 245 2644 lieri
268 2584 484 2662 permittebat,
502 2587 538 2644 ut
552 2601 621 2643 cum
642 2589 788 2644 cerneret
808 2585 998 2647 Rectoribus

38 2678 162 2739 sublatis
192 2697 252 2738 non
282 2680 386 2738 tamen
412 2676 586 2739 Ecclesiam
613 2677 733 2750 deleri,
764 2695 819 2737 neo
847 2679 996 2740 veritatis

38 2771 291 2846 praedicationem
312 2771 470 2849 extingui,
493 2772 545 2830 sed
568 2770 674 2847 potius
696 2770 817 2848 angeri;
841 2788 879 2830 ex
901 2773 995 2832 rebus

38 2862 106 2940 ipsis
127 2867 161 2925 et
181 2867 265 2944 ipsa,
288 2868 321 2926 et
342 2864 394 2943 qui
417 2865 446 2925 ei
468 2864 685 2925 inserviebant
705 2880 811 2923 omnes
836 2863 998 2942 intellige-

38 2961 114 3032 rent,
137 2956 341 3019 christianam
364 2958 562 3035 disciplinam
585 2975 643 3016 non
667 2958 705 3017 ab
726 2955 901 3016 bominibus
922 2975 995 3033 pen-

31 3050 116 3137 dere,
139 3051 246 3112 sedin
270 3052 364 3112 caelis
386 3052 506 3111 radices
531 3069 637 3129 agere,
659 3051 816 3128 Deumque
837 3066 916 3123 esse,
939 3062 992 3127 qui

37 3141 200 3206 Ecclesiam
224 3145 336 3223 ubique
358 3147 547 3205 tueretur.»

92 3240 147 3300 'llis
175 3239 278 3318 igitur
304 3243 367 3301 tem
397 3239 568 3317 praeclaris
596 3236 683 3298 bonis
711 3255 780 3298 cum
801 3239 865 3297 Nos
888 3238 939 3298 vel
961 3238 992 3297 in

38 3327 98 3405 ipso
118 3331 345 3409 persecutionis
366 3335 454 3392 aestu
477 3334 568 3392 tanta
589 3348 657 3390 cum
672 3330 728 3390 Dei
751 3330 852 3407 gloria
872 3331 919 3392 ita
940 3351 994 3392 au-

39 3427 112 3486 ctam
129 3427 290 3488 videamus
305 3427 488 3500 Ecclesiam,
503 3425 575 3503 quid
599 3427 637 3486 de
658 3444 695 3486 ea
716 3427 899 3503 sperandum
916 3425 989 3498 crit,

37 3533 99 3578 cum
119 3521 235 3583 sedatis
256 3520 495 3599 tempestatibus
521 3525 643 3598 tempus
669 3520 931 3598 tranquillitatis,
954 3534 993 3576 ac
