2506 4198
46 358 129 420 tanti
144 355 301 436 praesulis
320 373 438 417 annosa
459 357 631 435 gravitate,
654 358 722 416 tota
742 355 854 418 cecidit
876 359 1007 423 victoris

45 451 204 512 ferocitas.
221 451 301 519 Quid
323 468 398 528 ergo
421 449 507 509 nobis
521 449 690 528 lugendum
706 450 806 527 magis
819 469 912 527 quam
926 455 1007 530 quo'd

44 548 80 605 dc
101 548 211 606 nostra
225 543 342 616 Gallia,
364 561 443 620 quae
465 560 564 619 nuper
582 560 691 620 regem
704 561 794 603 suum
809 545 1008 608 etGhristia-

44 640 206 698 nissimum
222 642 255 698 et
268 636 426 698 Ecclesiae
448 640 524 696 natu
545 637 693 697 maiorem
708 638 867 716 appellare
890 641 1007 718 gloria-

44 731 149 805 batur,
168 731 339 809 ,eruperint
359 730 512 803 homines,
527 729 593 806 qui,
607 748 663 807 per
685 731 927 794 debacchantem
948 735 1006 795 im·

43 824 111 902 piae
131 824 350 903 philosophiae
371 823 573 898 dementiam,
594 824 697 884 subito
718 826 1007 891 evaserintGothis

43 921 75 979 et
85 919 243 980 Vandalis
256 918 333 996 ipsis
354 917 551 978 immanitate
565 917 778 978 crudelioresl
791 921 850 987 Qui
863 921 935 981 lieri
950 943 1007 1003 po-

44 1013 107 1075 tuit
126 1016 165 1074 ut
189 1013 330 1072 homines
350 1013 444 1090 lungo
472 1011 638 1088 religionis
660 1019 716 1072 aut
744 1012 856 1074 saltem
879 1015 1005 1078 innatae

43 1109 203 1168 cuiusdam
223 1105 432 1166 humanitatis
457 1123 515 1164 usu
538 1104 711 1178 informati,
728 1105 835 1179 citius,
852 1111 1005 1184 quamin-

43 1201 145 1263 cultae
167 1203 201 1260 et
220 1199 362 1277 hispidae
385 1203 499 1258 natura
521 1199 674 1271 nationes,
697 1216 768 1257 eum
787 1201 935 1260 exuerint
953 1220 1005 1262 re-

43 1294 205 1356 verentiae
228 1309 370 1365 sensum,
392 1309 483 1369 quem
506 1291 538 1349 vi
556 1291 671 1352 blanda
692 1291 749 1351 sibi
772 1294 935 1354 attrahere
958 1295 1006 1354 vi·

43 1389 174 1449 debatur
188 1385 380 1448 venerabilis
394 1387 519 1459 Pastor,
535 1387 566 1443 in
581 1403 640 1461 quo
654 1385 762 1445 senilis
777 1387 938 1461 maiestas,
948 1406 1005 1448 au-

45 1485 133 1559 gusta
144 1481 246 1552 frons,
256 1479 422 1558 dignitatis
433 1479 590 1556 splendor,
603 1481 653 1538 tot
664 1478 811 1554 pacificae
823 1481 922 1554 dotes,
934 1500 1006 1541 oon-

45 1581 128 1636 rtans
149 1578 183 1634 et
208 1573 293 1634 elata
317 1589 403 1631 mens
432 1571 464 1629 in
494 1570 656 1642 adversis,
686 1571 844 1631 virtutum
873 1573 1005 1651 denique

45 1669 180 1729 omnium
194 1683 291 1726 sacer
310 1665 477 1726 comitatus
492 1664 626 1724 caeleste
647 1666 798 1740 quoddam
817 1668 851 1726 et
863 1666 1004 1730 divinum

46 1760 226 1840 spirabantl
1028 1822 1030 1826 .

102 1857 176 1916 Inde
198 1854 303 1914 luctus
324 1853 443 1922 noster,
458 1849 529 1908 inde
551 1865 687 1922 moeror,
706 1849 778 1910 inde
792 1869 847 1911 cor
861 1857 1004 1916 nostrum

46 1952 134 2012 anxie
155 1949 315 2029 pavitans,
331 1950 364 2006 et
385 1945 509 2006 assidua
530 1945 567 2002 ad
588 1943 752 2003 Dominum
775 1947 1005 2023 deprecationi

46 2045 152 2106 mittat
172 2041 329 2120 Angelum
351 2056 440 2100 suum
462 2039 590 2110 bonum,
616 2037 668 2114 qui
691 2041 723 2098 te
744 2040 866 2101 salvum
887 2044 1001 2120 lacere,

47 2137 150 2212 solari,
173 2133 319 2196 comitari
343 2133 432 2206 velit,
457 2133 568 2191 ducere
591 2149 626 2192 ac
642 2133 801 2192 reducere.

100 2231 165 2292 Sub
180 2230 238 2289 hac
252 2230 342 2288 tanta
355 2225 509 2286 malornm
522 2223 680 2302 congerie,
694 2225 781 2285 nobis
795 2228 913 2302 tamen,
927 2231 1004 2294 Bea-

47 2325 163 2384 tissime
185 2323 294 2395 Pater,
314 2321 458 2397 superest
480 2318 620 2395 aliquid,
643 2320 724 2395 quod
746 2320 862 2381 mirum
883 2322 915 2381 in
938 2342 1004 2386 mo-

46 2420 113 2478 dum
146 2416 291 2477 sublevat
311 2413 442 2475 animos.
470 2415 505 2473 In
533 2411 696 2475 (latholioa
725 2414 868 2475 doctrina
896 2421 1002 2478 ratum

45 2512 154 2590 quippe
175 2512 278 2569 estet
305 2507 459 2568 divinitus
484 2509 664 2579 statutum,
687 2505 779 2567 tidem
800 2508 890 2570 Petri
912 2529 1003 2571 num-

45 2623 131 2682 quam
154 2602 349 2662 defecturam
363 2619 452 2675 esse,
475 2601 539 2660 imo
566 2619 662 2677 usque
684 2601 720 2660 ad
744 2601 838 2662 linem
860 2606 1002 2666 saeculo-

45 2715 110 2759 rum
131 2713 377 2775 permansuram.
395 2693 545 2754 Sublimis
565 2692 624 2754 illa
644 2694 844 2754 Summorum
860 2697 1002 2757 Pontifi-

45 2808 108 2851 cum
131 2791 219 2852 sedes
239 2792 273 2849 et
293 2787 605 2848 columna·veritatis
627 2788 812 2865 procellosis
832 2787 1000 2868 impiorum

45 2883 199 2944 hominum
221 2875 384 2942 affectibus
405 2883 439 2940 et
459 2880 611 2940 scelerum
626 2884 714 2940 aestu
735 2881 856 2959 poterit
877 2882 1001 2958 quidem

44 2977 200 3040 interdum
219 2974 356 3048 concuti,
369 2973 494 3047 iactari,
509 2975 562 3033 sed
578 2975 901 3050 numquam‘l'unditus
916 2975 1003 3034 avel-

43 3068 75 3129 li.
99 3069 470 3146 Ubioumqueterrarum
495 3064 594 3124 luerit
620 3063 781 3140 Pontifex,
793 3065 849 3143 *qui
865 3066 1000 3126 canoni·

44 3181 76 3224 ea
94 3163 167 3240 lege
187 3160 237 3221 ius
261 3162 295 3220 et
315 3160 419 3219 sedem
440 3160 548 3218 teneat
567 3157 668 3231 illius,
692 3158 742 3218 oui
757 3175 776 3218 a
790 3158 915 3220 Christo
935 3161 1018 3222 Do-.

45 3256 124 3315 mino
146 3254 351 3314 dictumest:
379 3252 427 3311 Tu
447 3267 479 3311 ca
502 3252 636 3324 Petrus,
668 3260 699 3312 et
718 3268 814 3328 super
836 3251 921 3313 lanc
940 3271 1000 3330 pe-

45 3356 127 3409 tram
152 3349 329 3426 oedificabo
355 3346 534 3408 Ecclesiam
557 3361 686 3419 meum
709 3350 743 3407 et
763 3362 913 3406 rursum:
939 3348 1002 3408 Ro-

45 3444 119 3517 gavi
140 3457 204 3516 pro
224 3447 269 3511 tc,
296 3447 333 3498 ut
354 3457 421 3499 non
446 3440 578 3516 deficiat
606 3440 686 3517 fides
710 3447 790 3510 tuo,·
812 3436 856 3496 ibi
881 3441 1002 3501 eterit

44 3537 121 3597 idem
147 3539 291 3596 centrum
320 3536 476 3610 unitatis,
498 3535 580 3614 quod
605 3536 726 3598 assidue
754 3535 886 3595 debeant
917 3540 1002 3598 oete·

136 3658 197 3710 Vol.
215 3658 259 3709 11.
328 3679 333 3686 ·
879 3662 909 3708 18
