2424 4196
58 301 133 355 certe
155 298 305 370 inanem,
327 301 363 357 ut
384 297 622 372 intelleximus,
646 300 803 359 subsecuti
832 304 1015 376 proventus.

55 393 95 452 dx
114 392 232 468 quibus
254 392 396 452 omnibus
421 391 514 452 facile
536 393 642 465 vobis,
663 394 859 454 venerabiles
873 395 1016 470 Fratres,

54 485 305 560 persuaseritis„
317 487 451 562 quantae
473 504 492 545 a
511 484 608 547 Nobis
620 503 657 544 ac
672 504 691 545 a
704 487 830 546 Nostris
845 505 938 546 curae
953 487 1019 548 sint

53 579 84 637 ad
99 581 342 640 sustentandam
358 581 586 657 emigraturum
602 580 700 640 vitam
723 583 896 655 susceptae.
908 582 1017 658 ltaque
1096 605 1099 612 ¹

50 673 124 732 certi
153 673 233 733 sitis
255 691 360 734 omnes
383 674 506 751 exquiri
528 692 546 733 a
567 673 665 736 Nobis
690 673 840 745 rationes,
862 677 1019 752 Deumque

48 767 200 842 optimum
217 767 389 827 maximum
404 768 572 842 obsecrari,
582 773 618 829 ut
629 768 711 828 viam
726 768 866 846 aliquam
878 771 916 828 ad
932 770 1018 829 adiu-

49 863 162 922 vandos
185 861 416 922 ecclesiasticos
436 881 456 923 a
476 863 564 922 vobis
585 864 816 923 commendatos
833 864 932 925 Nobis
953 864 1018 941 ipse

48 954 184 1029 aperiat,
199 973 262 1032 quo
270 957 395 1018 Nostris
409 955 584 1032 vestrisque
600 955 684 1015 rotis
698 957 827 1033 obsequi
843 957 1014 1019 valeamus.

48 1046 206 1124 Vobisque
224 1067 347 1126 semper
360 1050 507 1108 uberiora
521 1049 621 1108 divini
632 1049 772 1126 Spiritus
783 1069 802 1110 a
812 1053 875 1111 Deo
890 1061 1018 1128 precan-

47 1141 104 1213 tes,
119 1142 154 1200 in
171 1142 347 1220 singularis
368 1147 517 1219 paternae
539 1142 775 1203 benevolentiae
796 1147 1018 1220 argumentum

47 1235 257 1309 apostolicam
290 1235 535 1295 benedictionem
567 1241 767 1310 peramanter
802 1236 1013 1312 impertimur.

104 1329 227 1388 Datum
240 1329 367 1401 Romae,
380 1329 428 1386 die
442 1329 534 1387 XXII
548 1327 686 1386 Ianuarii
699 1321 919 1399 MDGOXGIV,
934 1330 1018 1387 Pon-

49 1417 188 1482 tificatus
210 1423 321 1483 Nostri
343 1439 423 1482 anno
444 1420 516 1480 XX.

474 1561 584 1622 ul.

369 1682 562 1726 vuunanumr
583 1683 703 1728 ranrar

416 1800 443 1858 U
457 1799 486 1858 R
499 1799 526 1856 B
540 1798 567 1857 A
581 1798 611 1858 Ν
625 1797 651 1856 0

377 1927 535 2006 Episcopo
567 1928 700 1990 Dolecsi

264 2053 437 2133 PIUS
491 2055 684 2133 ΡΑΡΑ
738 2054 806 2132 VI.

174 2217 262 2275 Van.
286 2217 420 2286 Frater,
435 2215 586 2274 Salutem
608 2220 644 2273 et
664 2215 900 2288 Apostolicam

406 2314 702 2375 Benedictionem.

110 2445 162 2504 Ex
174 2439 295 2502 litteris
305 2441 343 2500 ad
359 2429 570 2499 venerabilem
581 2439 730 2504 Fratrem
742 2439 1018 2518 Archiepiscopum

59 2533 284 2598 Damiatensem
297 2537 450 2596 Nostrum
466 2533 621 2595 Nuntium
635 2534 673 2592 ad
687 2535 836 2595 Tractum
848 2534 949 2595 Rheni
966 2536 1019 2596 abs
1141 2593 1143 2596 .

59 2629 87 2686 te
101 2631 185 2690 datis
200 2629 249 2688 die
263 2629 303 2690 28
318 2627 496 2688 novembris
511 2626 676 2703 praeteriti
699 2626 784 2701 anni,
800 2629 833 2686 et
847 2645 886 2686 ex
899 2627 1020 2688 litteris
1104 2640 1111 2652 ¹

56 2723 149 2784 etiam
165 2740 184 2782 a
198 2722 313 2782 dilecto
329 2722 395 2782 filio
417 2720 599 2797 marchione
621 2723 658 2780 de
678 2721 820 2796 Dreanay
835 2721 872 2778 ad
888 2723 1018 2780 eundem

63 2815 208 2878 Nuntium
225 2819 273 2875 die
294 2817 332 2876 21
347 2814 481 2892 proximi
503 2814 617 2874 mensis
633 2813 805 2874 decembris
819 2813 1018 2890 conscriptis,

58 2913 90 2968 -et
106 2912 206 2976 Nobis
226 2928 245 2970 a
264 2908 385 2970 Nuntio
406 2907 472 2984 ipso
494 2925 555 2968 una
577 2923 649 2967 cum
671 2907 833 2984 praeclara
855 2903 1018 2981 utriusque

61 3001 148 3065 laude
175 3001 436 3074 communicatis,
464 3000 680 3062 intelleximus
713 3017 771 3058 non
803 2999 870 3059 sine
896 2998 1018 3076 ingenti

62 3098 152 3158 animi
168 3097 269 3157 nostri
290 3096 467 3173 voluptate,
483 3087 677 3171 praedictum
700 3092 912 3155 marchionem
935 3092 1020 3152 dele-

63 3193 141 3250 ctum
162 3191 258 3251 fuisse
280 3190 316 3248 ad
339 3187 535 3265 imperandas
557 3186 784 3247 catholicorum
806 3189 839 3246 et
859 3185 1019 3263 regiorum

62 3283 195 3343 militum
207 3281 322 3359 copias,
335 3283 419 3342 etad
431 3282 636 3342 exercendam
649 3297 771 3339 omnem
782 3279 870 3338 illam
882 3278 1021 3340 auctori-

63 3377 168 3452 tatem,
184 3395 245 3453 qua
255 3394 331 3453 opus
343 3377 391 3436 est
402 3374 438 3434 ad
451 3374 729 3450 redintegrandum
746 3391 852 3432 rerum
867 3374 1018 3443 ordinem,

66 3478 94 3535 et
110 3475 269 3552 antiquam
284 3471 465 3551 provinciae
485 3472 669 3540 Britanniae
684 3471 959 3542 constitutionem.
