2506 4198
435 268 472 284 -·
496 237 565 296 173·
576 271 613 286 -

31 341 261 419 impedimenta
276 342 463 416 temporum,
480 361 539 400 non
562 347 666 403 autem
688 349 818 422 propter
839 348 1002 427 negligen-

33 436 113 494 tiam
135 439 223 493 tuam
244 433 361 492 factum
385 451 445 491 non
468 435 576 496 fuerit.
594 437 651 497 Cui
670 442 773 498 tamen
795 442 942 520 religioni
965 447 1001 504 nt

33 527 212 588 satisfacias
226 544 282 603 per
297 529 417 586 eosdem
430 535 651 604 procuratores
666 535 736 591 tuos
750 538 921 596 curandum
934 537 1001 614 qui-

33 623 103 680 dem
126 621 188 681 tibi
202 620 277 692 erit,
291 625 504 684 verumtamen
529 641 597 684 eum
620 627 761 701 tempora
781 627 884 688 minus
905 629 1001 708 impe·

32 715 101 774 dita
121 714 152 773 id
178 713 246 773 fieri
268 714 382 774 sinent.
738 723 741 729 '

91 808 232 884 idipsum
260 809 431 883 putandum
453 808 512 868 tibi
534 813 601 880 est,
625 810 705 886 quod
734 814 872 874 nondum
898 817 999 877 adhuc

31 901 69 958 de
90 903 180 959 statu
199 899 357 958 Ecclesiae
386 918 422 959 ao
450 901 598 960 dioecesis
629 906 701 962 tuae
728 905 765 963 ad
787 908 996 982 Apostolioam

31 995 143 1053 Sedem
167 992 341 1072 scripseris.
366 994 537 1058 Dolendum
558 995 682 1070 quidem
705 997 764 1060 tibi
787 1002 924 1076 assessi
944 1023 998 1064 nec

31 1089 115 1148 mala
137 1089 302 1170 valetudo,
319 1105 375 1148 nec
396 1089 547 1166 temporis
567 1090 734 1168 angustiae
749 1093 872 1172 aliaque
888 1100 1000 1174 gravia

29 1181 272 1259 impedimenta,
295 1187 332 1242 ut
352 1182 481 1255 scribis,
505 1185 537 1241 te
558 1183 811 1260 prohibuissent,
834 1191 998 1265 quominus

30 1273 61 1336 id
83 1276 176 1335 intra
196 1291 312 1334 annum
333 1274 425 1336 iuxta
437 1275 571 1338 Concilii
587 1277 766 1336 Tridentini
787 1279 874 1356 leges
895 1281 999 1343 faeere

30 1367 154 1438 liceret3
176 1371 209 1428 at
229 1367 346 1428 merito
369 1370 444 1427 tnnc
466 1368 589 1444 quidem
612 1369 840 1430 absolutionem
863 1389 882 1432 a
901 1374 998 1434 Nobis

32 1461 219 1537 postulares.
242 1459 343 1526 Quum
367 1463 531 1520 venetam
554 1461 647 1522 iustis
669 1464 705 1522 de
728 1464 827 1524 causis
849 1465 922 1525 hnic
943 1472 997 1528 tuo

31 1555 135 1615 debito
159 1553 342 1618 satisfacere
364 1555 497 1614 nondum
522 1555 685 1630 potueris„
698 1574 756 1616 non
780 1558 921 1620 videmus
942 1579 999 1622 our

31 1648 190 1724 postules,
214 1645 311 1710 utils
333 1646 469 1707 vinculis
492 1648 644 1719 solvaris,
667 1648 778 1725 quibus
801 1651 995 1716 nullomodo

31 1741 147 1802 sideris
169 1740 353 1802 obstrictus.

88 1833 197 1895 Nihilo
219 1836 324 1894 tamen
346 1833 449 1892 minus
464 1833 693 1894 absolutionem
709 1853 802 1911 qnam
819 1837 910 1912 petis,
924 1839 997 1900 mit·

33 1926 141 1996 timus,
165 1930 258 2002 teque
282 1927 319 1988 ad
347 1943 467 1986 omnem
490 1925 718 1985 dubitationem
740 1928 836 1987 animi
859 1931 908 1990 tui
931 1933 996 1992 tol·

32 2017 151 2080 lesdam
174 2018 317 2080 omnibus
338 2019 444 2095 poenis
465 2017 625 2078 canonicis
655 2019 828 2082 liberatum
857 2024 998 2086 declara·

33 2129 114 2186 mus,
137 2113 164 2172 si
185 2111 269 2171 forte
297 2115 361 2172 tam
384 2111 414 2170 in
437 2110 634 2172 visitationis
661 2131 751 2189 quam
777 2111 809 2172 in
833 2116 997 2178 relationis

33 2205 155 2282 negotio
183 2204 290 2280 aliquo
310 2207 342 2263 te
364 2205 492 2264 vinculo
520 2206 751 2280 obstrinxeris,
774 2226 835 2284 quo
856 2227 912 2286 per
932 2213 996 2274 Nos
1091 2247 1093 2259 ι

34 2297 110 2358 solvi
132 2299 255 2358 debeas.
273 2297 360 2363 Quod
383 2301 501 2370 tamen,
515 2317 609 2375 quum
633 2303 697 2360 tam
721 2306 888 2378 perspecta
901 2305 996 2366 Nobis

33 2393 83 2452 tua
103 2392 147 2452 sit
166 2390 273 2451 virtus
294 2395 387 2466 atque
410 2392 440 2452 in
463 2391 547 2452 omni
571 2392 670 2453 officio
690 2394 845 2470 explendo
861 2396 995 2474 diligen-

35 2484 88 2556 tia,
103 2503 143 2544 no
156 2483 309 2560 suspicari
325 2485 447 2560 quidem
470 2485 509 2544 de
531 2488 561 2544 te
583 2503 755 2562 possumus.
772 2491 815 2550 Ut
830 2507 905 2548 vero
920 2508 995 2566 pen·-

33 2576 99 2638 dere
119 2577 218 2638 animi
242 2577 377 2654 amplius
399 2595 457 2636 non
481 2579 603 2650 debeas,
624 2582 776 2657 temporis
796 2582 933 2658 spatium
955 2586 993 2644 ad

34 2674 191 2748 utramque
213 2688 278 2730 rem
301 2671 525 2732 conficiendam
542 2672 599 2733 tibi
615 2676 652 2732 ad
669 2673 804 2734 alterum
820 2675 992 2736 triennium

34 2779 248 2841 prorogamus,
272 2767 309 2824 ut
329 2768 362 2824 et
382 2763 439 2824 SS.
456 2765 616 2840 apostolis
637 2768 769 2827 honores
796 2766 895 2827 debiti
922 2771 993 2830 red-

34 2855 152 2930 dantur,
170 2860 203 2916 et
219 2856 252 2916 S.
268 2856 341 2915 Sodi
358 2859 467 2932 pateat
480 2861 583 2918 status
596 2858 752 2918 Ecclesiae
769 2862 852 2922 tuae.

86 2951 184 3017 Quam
201 2950 248 3010 uti
263 2949 504 3026 diligentissime
527 2953 684 3011 custodire
700 2969 824 3029 pergas,
841 2950 890 3010 his
904 2969 993 3027 prae-

34 3043 133 3102 sertim
163 3049 228 3104 tam
255 3043 438 3118 periculosis
466 3045 681 3119 temporibus,
708 3048 826 3121 quanto
853 3044 991 3106 maximo

34 3149 184 3208 pomumus
206 3135 311 3198 studio
334 3139 365 3196 te
387 3138 603 3209 obsecrantes,
627 3137 686 3198 tibi
707 3137 911 3214 apostolicam
937 3137 991 3197 be-

35 3230 232 3290 nedictionem
254 3229 380 3306 paterni
401 3229 497 3288 animi
519 3229 628 3290 Nostri
649 3229 762 3306 pignus
790 3233 991 3306 peramanter

34 3318 236 3399 impertimur.

83 3421 197 3480 Datum
212 3417 396 3478 Florentiae
413 3417 444 3476 in
459 3416 614 3478 Ooenobio
627 3417 836 3482 carthusiano
859 3418 907 3478 die
929 3419 989 3480 XX

34 3507 159 3587 Augusti
171 3511 420 3584 MDGOXOVIH,
433 3511 641 3572 Pontificatus
651 3511 762 3574 Nostri
777 3529 857 3574 auno
869 3512 986 3574 XXIV.
