2506 4198
51 341 140 417 lerit,
168 345 202 404 et
229 362 295 422 qua
319 345 433 405 mentis
459 349 678 410 excaecatione
699 351 798 411 eidem
821 353 920 415 officia
939 373 1009 418 mea

51 440 223 515 sortemque
234 438 344 498 beatae
359 439 562 502 aeternitatis
576 443 777 506 immolarim.
795 448 898 508 Eheu!
914 467 1007 526 quam
1024 427 1032 448 ¹

50 531 198 606 profunda
212 533 263 591 est
276 531 420 608 abyssus,
435 550 526 611 quam
542 535 599 594 sub
612 535 742 612 pedibus
753 539 831 598 meis
841 537 1004 602 excavavit

49 625 202 691 Quomodo
214 625 368 702 reparabo
384 628 474 686 tante
488 628 644 702 scandala,
665 630 895 706 profanationes
910 638 943 695 et
956 653 1007 696 sa·
1041 633 1044 641 ’

49 718 195 798 crilegial
215 721 241 780 0
262 717 409 780 Dominet
433 720 579 781 revelabo
600 721 678 781 forti
699 722 820 798 animo,
836 726 1007 788 confitebor

48 813 206 888 perfidiam
229 831 346 888 meam3
370 815 473 891 palam
494 815 606 877 faciam
628 835 665 875 eo
686 819 832 892 candore,
847 821 899 897 qui
921 823 1005 882 solus

48 909 162 969 mederi
183 908 407 986 quodammodo
427 911 532 986 potest
553 909 656 984 malis,
679 929 809 988 quorum
824 916 936 974 auctor
949 920 1006 978 aut

48 1003 161 1064 occasio
175 1002 298 1075 exstiti,
314 1004 347 1062 et
360 1001 575 1063 misericordia
590 1006 645 1062 tua
658 1003 847 1065 sacrificium
863 1009 921 1068 hoc
935 1027 1008 1087 gra·

48 1097 108 1155 tnm
130 1097 249 1156 habens
270 1094 389 1154 delebit
409 1094 610 1173 iniquitatem
632 1114 743 1158 meam.

99 1193 168 1268 Ego
189 1190 338 1250 decennio
359 1192 520 1251 Perochus
540 1191 586 1251 fui
608 1191 641 1250 S.
665 1191 756 1252 Petri
777 1193 836 1253 loci
864 1195 1002 1275 Albigny

48 1284 194 1345 dioecesis
214 1284 484 1358 chamberiensis3
507 1283 551 1343 ibi
572 1283 652 1358 vixi,
675 1285 774 1345 ausim
797 1287 912 1362 dicere,
934 1308 1004 1349 cum

47 1377 185 1454 opinione
208 1375 352 1451 virtutis,
368 1395 460 1454 quam
475 1377 617 1438 homines
632 1378 771 1438 moribus
785 1381 920 1440 austeris
934 1399 1004 1458 pas-

48 1471 101 1530 sim
124 1471 281 1531 tribnunt:
304 1472 358 1530 sod
381 1476 428 1544 tu,
450 1474 531 1532 Deus
552 1489 651 1546 meus,
674 1473 726 1549 qui
741 1473 895 1534 scrutaris
909 1476 1005 1535 corda

48 1569 77 1624 et
95 1582 202 1639 renes,
224 1565 346 1640 vidisti,
368 1569 448 1642 quod
470 1584 565 1643 opera
583 1583 652 1626 mea
666 1583 765 1626 vacua
779 1565 909 1641 fuerint,
925 1570 1004 1644 quod

49 1660 185 1720 occultus
199 1675 287 1720 amor
301 1659 446 1737 proprius
460 1679 497 1721 ea
513 1661 710 1737 produxerit,
723 1664 757 1720 et
770 1662 851 1738 quod
865 1679 1004 1722 meorum

49 1752 237 1830 cogitatione
250 1753 436 1813 meritorum
448 1753 594 1829 turgidus
605 1770 666 1812 non
679 1753 757 1812 satis
768 1754 895 1812 honoris
902 1754 941 1814 iis
949 1755 1005 1816 ha·

50 1845 111 1906 beri
126 1864 222 1924 aegre
236 1846 376 1906 tulerim.
391 1848 425 1905 ln
441 1847 498 1906 hoc
511 1845 608 1906 animi
623 1845 829 1907 habitnmens
844 1865 944 1924 prona
957 1851 1005 1908 est

50 1937 266 2014 incensurum,
282 1958 337 2000 cor
349 1940 381 1998 iu
397 1939 593 2001 obedientiae
606 1939 850 2016 impatientiam3
867 1940 1006 2001 libenter

50 2033 218 2093 audiuntur
245 2033 459 2109 querimoniae
480 2037 592 2093 contra
612 2033 856 2106 auctoritatem,
878 2036 912 2092 et
932 2051 1005 2094 mox

49 2126 159 2186 eisdem
171 2126 353 2204 suffragium
367 2127 563 2204 adiungitur.
577 2129 627 2187 Ita
638 2142 707 2186 oum
720 2125 914 2186 necessitudo
926 2125 1005 2186 mihi

50 2238 113 2280 cnm
133 2221 328 2282 Iansenianis
349 2224 448 2293 esset,
472 2221 558 2281 illico
578 2220 723 2295 laudavi,
745 2222 826 2296 quod
855 2219 1005 2280 vocabam

49 2331 151 2374 eornm
173 2314 348 2388 virtutem3
371 2315 500 2374 subinde
522 2313 609 2392 coepi
625 2311 853 2392 reprehendere
868 2312 1005 2374 auctori·

50 2410 157 2483 tatem,
179 2426 257 2485 quae
278 2425 330 2467 eos
349 2407 584 2480 condemnabat3
598 2408 721 2467 demum
736 2411 860 2486 egomet
877 2425 1002 2486 parere,
1052 2481 1056 2487 Ι

49 2503 103 2564 nisi
117 2503 306 2580 prudentiae
321 2501 454 2574 nomine,
468 2500 556 2562 desii.
569 2502 740 2564 Funestam
755 2502 1002 2581 superbiasprc

49 2597 253 2675 grossiorem!
276 2596 309 2655 in
331 2613 406 2673 quos
428 2613 487 2654 non
502 2611 625 2656 errores
639 2614 687 2655 me
702 2596 770 2673 ipsa
783 2597 934 2657 coniecit!
952 2599 1004 2657 ln-

47 2689 121 2750 felix
142 2689 275 2766 epochal
299 2705 377 2765 qnae
398 2687 431 2746 in
452 2686 640 2748 Sabaudiam
662 2705 793 2765 rognum
808 2687 955 2748 licentiae
970 2693 1004 2750 et

48 2781 217 2860 impietatis
236 2780 373 2854 invexit,
394 2779 553 2840 debuisset
573 2798 622 2839 me
643 2779 757 2840 intimo
776 2798 871 2840 ¹sensu
886 2781 1002 2842 doloris

49 2877 180 2949 afficere,
201 2876 236 2935 et
256 2874 357 2934 zelum
377 2874 410 2933 in
431 2891 480 2933 me
502 2873 658 2934 excitare:
682 2874 751 2953 ipsa
771 2876 880 2934 contra
900 2874 933 2932 in
953 2891 1003 2933 me

49 2987 212 3047 perversae
234 2968 299 3047 spei
319 2971 353 3028 et
373 2966 606 3030 aberrationum
629 2967 748 3027 occasio
762 2967 875 3027 evasit.
892 2966 1004 3026 Libor-

49 3071 145 3125 tatcm
172 3062 385 3135 Gallicanam,
407 3059 572 3120 secundum
594 3060 652 3119 hoc
680 3059 832 3121 vitiorum
853 3075 1002 3136 germen,

50 3158 100 3215 sub
121 3155 224 3234 specie
245 3153 317 3213 boni
330 3152 408 3214 mihi
423 3150 580 3229 proposui,
596 3154 630 3212 et
644 3154 886 3230 aequalitater,
903 3151 1003 3213 fastus

50 3249 212 3310 delirantis
225 3247 373 3319 fructum,
389 3244 505 3305 saeculi
520 3243 621 3304 felicis
635 3262 781 3306 auroram
794 3244 951 3321 reputavi.
968 3247 1003 3306 In

50 3360 136 3419 qnam
148 3341 264 3419 spissas
275 3339 420 3400 tenebras
430 3354 550 3398 morsus
562 3340 633 3398 erat
643 3338 773 3414 spiritus
784 3355 870 3398 meus
882 3340 888 3396 l
901 3339 1005 3400 Fran-

51 3437 94 3496 cia
112 3435 256 3497 iunditus
277 3451 400 3507 eversa,
422 3430 673 3492 convulsionibns
688 3430 902 3491 indesinenter
915 3449 1004 3491 rena-

51 3529 203 3590 scentibus
223 3527 363 3606 agitata3
385 3525 499 3604 religio
514 3524 546 3583 in
562 3525 760 3603 dogmatibus
774 3524 850 3599 suis,
866 3543 922 3586 sua
936 3543 1004 3584 mo-

140 3639 201 3691 vor.
219 3638 263 3690 Π.
881 3639 910 3686 rs
951 3693 953 3697 ,
