2424 4196
206 289 293 352 pora,
315 272 486 350 multisque
506 271 653 351 egregiae
675 272 805 350 pietatis
825 271 980 348 exemplis
994 272 1163 349 comproba·
1200 299 1201 352 4

207 371 262 430 ina
287 369 410 429 animus
438 370 544 441 Tuus,
566 367 619 444 qui
640 370 856 446 quodcumque
885 368 940 429 Dei
964 371 999 428 et
1020 367 1161 428 Ecclesiae

206 481 344 536 oausam,
366 461 582 539 iustitiaeque,
605 480 641 522 ec
662 463 765 538 ipsius
782 462 879 523 etiam
901 461 1110 522 humanitatis
1122 478 1164 519 ra·
1200 525 1201 539 ἦ

206 555 326 618 tionem
347 556 490 633 respicit,
506 556 653 633 idipsum
670 573 727 616 sua
741 560 851 631 sponte
864 555 1074 634 aggreditur,
1090 571 1163 614 suae-
1194 591 1198 627 2

208 668 268 728 que
295 649 453 727 potentiae
472 650 567 710 robur
585 649 663 709 illuc
683 648 834 710 intendit.
858 649 927 710 Etsi
950 667 1071 709 morem
1096 650 1162 707 bunc
1196 691 1197 695 ,

206 746 310 808 Toum
331 763 392 806 uon
414 743 608 820 ignoremus,
631 747 737 806 tamen
761 763 820 804 non
841 761 1006 820 possumus
1021 761 1103 802 nunc
1116 760 1161 800 non
1195 785 1198 795 ,

208 839 411 897 vehementer
433 838 582 914 gaudere,
606 855 641 896 nc
664 837 736 896 Tibi
759 837 819 914 ipsi
843 838 1006 898 declarare
1030 837 1162 914 gandinn
1191 814 1201 893 i¹

209 932 267 992 boc
289 933 326 992 de
348 933 393 990 Te
413 932 587 1004 Nostrum,
609 947 680 991 cum
702 931 864 992 videamus
886 935 950 990 tem
977 931 1161 1008 praeclarus,
1191 918 1201 1000 ,l

208 1027 336 1101 umque
359 1028 554 1100 opportunas
580 1043 599 1084 a
620 1026 664 1082 Te
686 1023 800 1101 suscipi
823 1027 931 1100 partes
957 1023 1161 1084 meritissimus

208 1117 299 1180 Fidei
321 1117 520 1178 confessores
542 1116 726 1194 recipiendi,
749 1117 892 1190 invendi,
915 1115 1125 1186 sustentandi,
1137 1132 1163 1174 ee
1194 1135 1196 1184 j

209 1211 307 1272 etiam
329 1213 397 1272 Tuo
417 1211 573 1288 exemplo,
597 1213 666 1271 Tua
686 1208 1161 1289 encyclicaEpistoluexcitandi
1192 1201 1196 1293 j

208 1309 332 1366 ceteros
353 1307 541 1384 praesertim
564 1305 744 1382 Religiosos
765 1307 870 1380 Viros,
892 1323 1024 1382 quorum
1052 1305 1088 1363 in
1111 1303 1162 1360 Tne
1192 1300 1196 1360 Ε

208 1400 362 1473 Bavaria,
393 1399 565 1471 coenobia,
588 1417 624 1460 ec
644 1401 839 1460 Monasteria
864 1402 939 1459 sunt
965 1398 1122 1476 plurima;
1140 1395 1162 1452 in
1191 1433 1196 1477 3

208 1492 320 1570 quibus
335 1493 366 1552 in
387 1493 459 1553 illos
474 1493 633 1570 profugos,
650 1498 850 1552 excrescente
864 1494 896 1552 in
913 1495 980 1552 dies
995 1511 1108 1552 eornm
1123 1508 1164 1548 nn·

208 1605 307 1660 mero,
331 1586 497 1664 hospitalis
512 1587 653 1646 charitas
667 1590 824 1663 tamquam
841 1587 872 1646 in
895 1587 1014 1648 iratres
1036 1582 1163 1646 exerceri
1192 1576 1195 1587 '

207 1681 318 1758 possit,
341 1699 439 1757 eaque
460 1680 675 1744 ecclesiastica
689 1683 769 1742 bona
782 1699 912 1757 quorum
929 1680 994 1740 illis
1009 1681 1104 1757 copia
1117 1696 1164 1737 non

208 1778 308 1849 deest,
331 1791 400 1834 cum
424 1775 538 1834 eisdem
560 1774 611 1852 pie
632 1775 832 1852 libenterque
859 1773 1098 1834 communicari.

266 1870 328 1930 Illa
348 1868 493 1944 Epistola
513 1869 582 1927 Tua
597 1869 646 1927 die
661 1869 703 1930 25
718 1868 856 1929 ianuarii
879 1868 972 1928 huius
994 1868 1072 1927 enni
1089 1867 1165 1945 plane

208 1962 369 2023 consentit
394 1981 463 2026 cum
491 1963 660 2039 illaquam
681 1965 746 2026 Nos
776 1961 836 2038 ipsi
865 1963 974 2022 die2l
998 1959 1165 2022 novembris

207 2058 281 2118 anni
305 2058 384 2116 1792
405 2057 545 2116 dedimus
567 2057 603 2117 ad
626 2055 898 2133 archiepiscopos,
913 2055 1098 2132 Episcopus,
1115 2053 1166 2113 Ab·

207 2149 309 2222 bates,
331 2149 534 2220 abbatissas,
556 2149 721 2225 capitula,
743 2149 930 2226 clerumque
952 2154 1018 2208 tam
1040 2145 1167 2208 saeculu-

209 2261 296 2308 rem,
324 2261 417 2320 quam
439 2242 621 2320 regularem
643 2243 842 2316 Germaniae,
866 2243 954 2302 cuius
976 2261 1035 2310 non
1059 2239 1167 2302 medio-

207 2354 291 2398 crem
303 2335 466 2396 exstitisse
479 2337 621 2414 pluribus
635 2337 667 2396 in
684 2337 761 2396 locis
776 2336 914 2398 fructum
928 2337 1042 2420 laetati
1058 2351 1165 2395 sumus.

208 2429 243 2490 Si
258 2429 322 2490 fors
342 2430 425 2490 istuc
447 2430 583 2490 eiusdem
599 2447 672 2490 rara
686 2431 892 2506 pervenerint
911 2429 1074 2506 exempla,
1088 2429 1167 2505 plura

208 2541 291 2583 nnnc
313 2524 492 2584 transmitti
514 2526 697 2584 mandamus
717 2525 754 2582 nd
778 2525 857 2584 Ver.
880 2525 937 2584 Fr.
961 2523 1078 2583 lulium
1105 2524 1167 2583 an-

208 2637 309 2680 earem
337 2619 613 2696 Archiepiscopum
641 2620 857 2690 Athenarum,
884 2617 1091 2678 Ordinurium
1112 2616 1167 2676 No-

208 2717 309 2774 strum
331 2711 412 2789 apud
435 2715 480 2774 'le
500 2713 670 2782 Nnucium,
687 2731 765 2788 quee
780 2712 819 2772 ab
833 2729 868 2770 eo
890 2711 964 2771 istic
986 2711 1102 2787 ubique
1115 2709 1167 2768 dis·

207 2806 404 2883 perdentur,
428 2810 465 2866 ut
486 2805 631 2867 omnibns
651 2809 772 2882 pateat,
795 2808 913 2880 quanta
934 2804 977 2863 sit
997 2805 1121 2864 Nostra
1138 2801 1167 2858 de

206 2899 372 2978 emigrabis
393 2900 623 2960 Ecclesiasticis
642 2899 835 2970 sollicitudo,
850 2917 1004 2975 quamque
1026 2893 1167 2957 eiusmodi

206 2995 375 3054 charitatis
389 3011 501 3052 munus
512 2993 674 3052 incumbat
688 2994 719 3052 lu
734 2993 860 3054 Fideles
875 3011 993 3064 omnes,
1011 2991 1167 3068 praecipue

207 3107 295 3158 vero,
317 3087 424 3165 quiin
446 3088 539 3148 Glero
561 3091 646 3157 sunt,
670 3089 783 3164 quique
805 3087 886 3146 alios
908 3088 1023 3146 debent
1037 3089 1095 3146 bac
1110 3085 1168 3160 ipsa

206 3181 327 3258 pietate
350 3184 548 3258 praecedere.
571 3181 791 3240 Hortationem
807 3180 896 3239 illam
916 3181 1169 3250 nostrumnon

207 3291 243 3334 ac
264 3277 333 3333 Tua
353 3273 532 3333 confirmari
554 3272 688 3332 mirifice
710 3275 893 3350 gaudemus,
916 3273 1069 3348 valdeque
1084 3267 1168 3330 confi·

206 3367 310 3426 dimus
321 3366 389 3426 iore
403 3373 439 3426 ut
452 3365 609 3426 communi
624 3383 751 3441 operae,
764 3383 920 3441 curaeque
931 3367 1068 3426 Nostrae
1079 3364 1167 3422 abnn-

205 3461 245 3520 de
266 3458 417 3518 satisfieri
438 3459 477 3520 ab
491 3457 633 3518 omnibus
646 3459 782 3520 Nostrae
798 3457 919 3534 pariter
932 3456 1077 3533 exemplo
1090 3469 1168 3514 come
