2426 4192
32 349 60 406 ut
79 344 256 422 praefatum
270 347 469 422 praestarent
489 345 711 418 iuramentum,
727 363 787 404 non
808 361 982 421 possumus,

31 438 93 516 quin
111 442 182 498 tuos
204 439 242 496 ob
257 438 361 498 oculos
377 456 524 514 ponamus
545 455 624 510 eam,
638 457 716 516 quae
730 438 809 500 alias
824 439 983 501 emanavit

30 532 167 604 eNobis,
192 535 263 608 poet
283 535 441 591 maturum
463 549 605 605 examen,
628 535 664 591 de
686 534 744 593 hoc
765 535 878 609 puncto
900 533 985 592 deci-

30 628 152 697 sionem,
169 626 199 684 id
220 623 280 700 est,
309 643 373 685 esse
394 624 542 686 illicitum
565 644 642 703 pure
670 645 705 687 ao
735 627 920 706 simpliciter
946 629 984 689 il-

29 721 75 780 lud
90 719 255 794 emittere,
276 737 424 796 posseque
439 720 604 779 dumtaxat
619 719 746 778 admitti
760 719 853 781 iuxta
866 721 984 782 torma·

29 813 83 873 lam
106 830 125 871 a
145 812 244 874 Nobis
266 813 350 873 dicto
371 814 408 872 D.
422 812 554 872 Passerz'
578 811 804 886 transmissam,
827 833 919 891 quam
945 818 983 875 ad

29 909 172 967 maiorem
194 906 348 967 cautelam
370 907 407 965 de
428 925 509 965 novo
531 907 785 967 transcribimus:
800 909 923 986 EpoN.
942 912 982 969 N.

30 1004 95 1061 iuro
116 1017 167 1060 me
183 1009 314 1076 portent
334 1017 401 1060 non
423 1000 611 1060 babituram
632 1004 670 1060 in
688 1020 890 1079 quacumque
911 1021 985 1063 con-

30 1098 201 1166 iuratione,
225 1096 464 1171 conspiratione
484 1102 515 1154 et
528 1095 685 1154 seditione
702 1112 762 1171 pro
783 1097 986 1156 restituendo

29 1187 229 1259 Monarcbio,
253 1197 283 1247 et
304 1196 422 1247 contro
441 1188 693 1263 Rempndlr'cam,
717 1206 801 1266 qaae
820 1207 909 1250 nnnc
925 1192 984 1249 im-

27 1289 132 1358 perat;
145 1281 256 1340 odiam
270 1279 471 1350 Anarcbiae,
486 1281 689 1356 fidelitatem,
707 1289 804 1358 atque
815 1282 986 1340 adhaesio-

29 1393 97 1436 nem
108 1376 328 1450 Reipublicae,
341 1379 372 1432 et
391 1368 638 1445 constitutioni,
656 1375 797 1433 salande
811 1383 913 1434 cetero
924 1376 986 1435 Re-

30 1471 147 1546 lipione
157 1463 334 1527 Catholica.
348 1466 442 1527 Iustis
454 1467 491 1525 de
503 1467 604 1526 causis
618 1465 773 1526 maximae
784 1466 880 1528 Nobis
891 1485 984 1528 curae

29 1566 82 1633 est,
100 1559 180 1619 utin
195 1560 321 1636 negotio
337 1561 402 1619 tam
423 1560 558 1622 delicato
571 1578 607 1619 ac
622 1560 778 1620 salebroso
799 1561 985 1620 observetur

31 1651 310 1729 uniformiaagendi
322 1651 523 1728 retinetque
537 1653 779 1729 protestationes
791 1653 984 1713 obedientiae

32 1767 61 1806 ac
80 1745 246 1806 fidelitatis
270 1745 428 1822 regimini,
445 1764 514 1806 cum
535 1745 782 1806 immutabilibus
803 1747 985 1807 Catholicae

31 1839 200 1916 Religionis
214 1837 319 1897 officiis
333 1837 552 1909 concilientur;
565 1856 659 1914 eoque
674 1838 774 1914 magis
789 1841 869 1915 quod
885 1841 985 1899 Roma

32 1934 136 1994 debeat
151 1932 182 1990 in
205 1932 262 1990 hoc
283 1934 399 2007 puncto
420 1930 533 1990 ceteris
548 1930 671 2007 populis
701 1933 877 2008 exemplum
897 1950 986 2008 prae·

32 2027 109 2099 bere,
126 2025 266 2102 illudque
289 2024 510 2102 gravissimum
526 2025 630 2084 vitare
646 2027 824 2086 scandalum
846 2028 923 2104 quod
938 2044 985 2087 re·

33 2122 180 2193 saltaret,
204 2120 228 2178 si
256 2119 415 2196 quisquam
446 2117 504 2176 sibi
533 2118 653 2178 licitum
683 2123 810 2196 putaret
831 2139 849 2179 a
868 2122 986 2182 Nostra

32 2215 153 2274 deviare
175 2212 349 2282 decisione,
372 2229 450 2287 quae
471 2212 581 2271 multis
603 2213 674 2273 aliis
696 2213 727 2271 in
750 2213 827 2273 locis
849 2213 985 2274 maxima
1033 2251 1036 2259 ι

32 2326 94 2366 cum
115 2305 317 2366 veneratione
339 2309 470 2380 excepta
483 2309 544 2378 est,
564 2308 597 2364 et
611 2306 860 2366 accuratissimae
875 2326 986 2368 execu-

32 2401 106 2460 tioni
127 2399 324 2469 demandata,
340 2415 477 2475 quaeque
497 2401 702 2460 consentanea
716 2404 765 2460 est
786 2401 893 2475 alteri,
907 2420 985 2478 quae

31 2493 89 2552 iam
109 2513 128 2554 a
147 2492 244 2554 Nobis
266 2490 425 2551 emanavit
447 2510 503 2568 pro
524 2492 700 2553 iuramento
721 2494 843 2554 Gallica
864 2494 986 2556 Consti-

30 2587 148 2646 tutione
169 2585 342 2663 proposito,
356 2587 434 2662 quod
457 2590 527 2662 post
547 2586 673 2664 longum
689 2607 724 2649 ac
738 2593 896 2649 maturum
911 2607 986 2648 exa-

31 2697 108 2753 men,
123 2682 217 2758 atque
239 2683 349 2739 exacte
370 2680 550 2755 ponderatis
564 2681 595 2740 in
619 2686 783 2760 utramque
798 2684 920 2759 partam
935 2699 986 2741 ra·

32 2773 171 2846 tionibus,
189 2776 226 2833 de
247 2772 378 2832 consilio
401 2775 659 2851 Congregationis
686 2794 743 2853 pro
764 2774 984 2835 ecclesiasticis

33 2868 147 2928 Galliae
169 2867 305 2944 negotiis
327 2868 506 2944 deputatae,
530 2886 548 2926 a
568 2868 664 2928 Nobis
685 2868 833 2928 illicitum
855 2867 918 2926 fuit
932 2867 987 2925 de-

33 2961 191 3022 claratum.
219 2962 302 3022 Oura
330 2961 449 3037 igitur,
472 2963 508 3020 nt
528 2962 584 3020 hos
603 2964 737 3023 Nostros
765 2977 872 3020 sensus
893 2977 986 3017 unus·

32 3055 164 3131 quisque,
188 3058 283 3130 prout
305 3072 380 3131 opus
399 3054 509 3129 fuerit,
525 3057 705 3130 perspectos
726 3053 850 3124 habeat,
871 3052 986 3127 hosque

33 3146 93 3222 ipse
113 3164 236 3224 semper
257 3147 369 3207 habeto
390 3151 582 3224 praesentes,
599 3149 635 3205 nt
649 3164 699 3204 eos
714 3163 782 3204 cum
799 3143 986 3205 sacerdotali

32 3229 213 3300 fortitudine
234 3239 392 3300 sustinere
414 3240 531 3312 valeas,
554 3240 731 3315 reponendo
754 3241 853 3298 totam
875 3239 907 3298 in
929 3240 989 3298 Do·

34 3331 111 3392 mino
130 3332 273 3394 fiduciam
295 3337 396 3406 tuam,
412 3332 465 3409 qui
486 3332 595 3391 bonam
617 3348 742 3390 causam
758 3331 919 3392 tuentibus
933 3333 988 3393 ad-

34 3422 140 3486 sistere
161 3445 220 3486 non
241 3424 376 3486 omittit.
394 3425 524 3486 interim
553 3427 617 3487 Nos
639 3425 843 3502 implorantes
864 3445 880 3486 e
902 3428 987 3487 caelo

35 3516 151 3580 divinae
174 3519 297 3598 gratiae
319 3522 411 3596 atque
433 3517 585 3580 adiutorii
600 3519 832 3595 abundantiam,
849 3520 920 3580 Tibi
935 3537 989 3596 pa·
