2424 4196
41 365 135 410 meros
144 350 276 410 ordines
291 350 469 410 ascenderit
483 369 539 428 per
553 351 782 412 ordinationem
797 352 915 412 intrusi
926 352 999 430 lipi-

41 445 135 521 seopi,
160 445 287 521 ipsoque
310 443 489 504 conferente
511 446 686 505 animarum
711 463 818 507 curam
846 446 942 506 variis
964 447 997 506 in

40 539 104 599 loeis
133 542 209 598 tuae
230 539 389 615 Spirensis
413 539 560 598 dioecesis
585 541 777 600 exercuerit.
803 540 920 617 Agitur
946 541 998 599 hic

41 634 68 691 de
86 632 290 692 absolutione
305 635 436 691 duorum
452 633 630 692 huiusmodi
651 635 849 694 delictorum.
867 637 942 694 Elam
959 633 998 692 cb

40 743 159 785 causam
181 725 246 785 Nos
272 724 410 784 libenter
438 725 634 785 concedimus
659 719 754 786 alicui
782 726 938 787 sacerdoti
960 727 998 786 ad

41 819 235 896 excipiendas
248 817 386 877 fidelium
402 817 607 877 confessiones
621 819 806 895 approbato,
822 819 861 879 ab
875 822 1000 879 eodem·

40 931 94 987 que·
105 913 227 973 Ininder
241 911 397 988 eligendo,
413 909 597 972 facultatem
616 912 799 972 absolvendi
814 929 901 972 reum
917 914 999 972 bunc

41 1007 71 1064 ab
87 1006 177 1065 hisce
191 1005 294 1083 culpis
309 1005 385 1078 suis3
402 1010 437 1065 at
450 1023 510 1063 non
531 1008 700 1083 antequam
721 1008 787 1084 ipse
809 1007 1001 1067 satisfecerit

41 1099 270 1158 conditionibus
291 1098 323 1157 in
344 1100 461 1159 Nostro
484 1101 689 1177 praescriptis
703 1100 799 1160 Brevi
820 1102 869 1160 die
893 1101 930 1161 13
951 1103 1001 1161 lu-

41 1191 76 1249 nii
101 1193 193 1263 1792,
209 1192 300 1251 firma
315 1195 418 1250 wmen
441 1197 622 1253 remanente
646 1194 846 1270 suspensione
868 1200 902 1255 et
921 1195 1002 1254 irre-

40 1287 209 1361 gularitate
231 1286 270 1346 ab
292 1286 358 1362 ipso
379 1293 554 1359 contracta,
576 1306 612 1346 eo
633 1290 710 1364 quod
727 1306 860 1348 censura
873 1306 1002 1365 suspen-

39 1380 131 1440 sionis
145 1380 313 1439 inuodatus
329 1380 573 1439 ministraverit.

93 1473 244 1533 Alterum
267 1490 341 1532 vero
363 1477 423 1544 est,
440 1473 549 1533 valida
566 1491 607 1531 ne
629 1491 667 1532 an
691 1473 787 1533 irrita
807 1474 851 1533 sit
871 1473 1001 1534 Linderi

41 1566 206 1626 ordinatio.
230 1567 299 1628 Etsi
326 1567 422 1626 etiam
452 1567 511 1625 sibi
542 1567 602 1643 ipsi
627 1565 691 1625 levi
718 1565 778 1626 niti
800 1566 1001 1626 fundamento

41 1661 183 1720 videatur
204 1660 231 1718 is
246 1647 384 1720 'Linderi
399 1664 502 1719 metus
526 1660 564 1718 ob
585 1659 772 1719 intentionis
793 1660 946 1719 defectum
969 1660 1000 1717 in

41 1755 146 1828 Gobel,
160 1772 229 1813 cum
249 1753 407 1813 intrusum
429 1755 570 1813 Brender
585 1754 617 1812 in
632 1753 818 1829 Episcopum
839 1770 1001 1812 consecra·

41 1852 97 1922 ret,
121 1853 225 1908 tamen
248 1847 348 1906 multo
370 1851 456 1907 certe
480 1846 611 1925 gravior
633 1850 682 1907 est
703 1848 761 1907 tua
781 1846 839 1906 illa
859 1847 942 1907 ratio
964 1849 1001 1906 de

43 1942 205 2001 validitate
227 1939 403 2011 dubitandi,
420 1959 458 2000 an
474 1941 617 1999 intrusus
632 1939 731 1999 Gobel
752 1939 783 1998 in
810 1940 906 1999 variis
928 1957 947 1998 a
968 1958 1000 2000 se

42 2034 173 2111 peractis
190 2034 403 2111 episcoporum
418 2033 716 2104 consecrationibus,
734 2052 770 2092 ea
784 2033 1003 2094 observaverit

43 2130 160 2200 omnia,
182 2147 260 2204 quae
285 2129 322 2189 ad
349 2128 550 2188 validitatem
580 2127 755 2187 necessario
782 2127 1000 2203 requiruntur.

42 2222 83 2280 Ob
105 2228 191 2281 tuam
213 2222 292 2280 hanc
313 2220 476 2281 dubitandi
493 2220 646 2279 rationem
663 2221 772 2296 nequit
785 2222 936 2280 hactenus
951 2223 1003 2279 de·

44 2314 169 2386 clarari,
185 2315 291 2374 valida
313 2333 350 2373 ne
373 2314 472 2373 fuerit
493 2332 531 2373 an
553 2315 808 2374 contraLinderi
831 2315 999 2374 ordinatio:

45 2425 108 2466 cum
124 2411 292 2484 propterea
315 2425 436 2467 necesse
459 2407 501 2465 sit
522 2407 697 2466 habeantur
717 2407 869 2467 certiores
883 2409 920 2467 de
935 2408 1003 2484 ipso

45 2499 122 2560 laeto
138 2501 282 2572 notitiae,
298 2501 462 2576 exquibus
483 2500 573 2576 argui
596 2500 696 2577 possit
716 2517 831 2559 revera
852 2501 883 2558 in
906 2502 1004 2559 Bren-

44 2592 101 2651 deli
114 2593 346 2653 consecratione
357 2593 507 2653 Gobelum
521 2593 661 2652 omisisse
676 2592 794 2669 aliquid
812 2593 865 2652 vel
886 2593 919 2651 in
938 2611 1003 2652 ma-

45 2688 121 2748 teria
133 2691 185 2750 vel
200 2689 232 2749 in
248 2689 359 2761 forma,
372 2688 452 2766 quod
468 2690 505 2748 ad
522 2689 570 2747 rei
585 2687 793 2747 substantiam
809 2687 1002 2764 pertineret,

49 2783 93 2841 vel
114 2784 225 2844 saltem
247 2799 347 2859 grave
368 2784 405 2841 de
426 2782 483 2839 hoc
505 2779 571 2857 ipso
592 2784 736 2840 constare
759 2780 898 2850 dubium,
922 2782 1002 2839 unde

50 2874 164 2934 nonnisi
180 2875 236 2935 sub
249 2874 428 2934 conditione
442 2875 478 2932 ad
496 2891 607 2932 novam
623 2872 753 2933 Linderi
775 2871 1002 2930 ordinationem

48 2965 88 3025 sit
101 2969 334 3028 deveniendum.
348 2968 546 3044 Quapropter
560 2966 648 3026 illam
670 2984 688 3025 a
710 2969 743 3025 te
763 2964 879 3040 suscipi
893 2981 1002 3024 curam

50 3077 164 3120 necesse
186 3079 267 3120 nunc
288 3064 349 3133 est,
373 3063 408 3119 ut
429 3060 571 3136 inquiras
592 3059 624 3116 in
646 3059 763 3118 lactum
788 3057 901 3132 ipsum,
923 3057 1003 3133 quod
1068 3099 1070 3103 -

51 3154 108 3212 Nos
127 3155 185 3231 ipsi
199 3153 256 3231 per
269 3156 335 3215 Nos
355 3154 479 3230 pariter
500 3153 670 3212 curandum
693 3152 878 3228 suscipimus
899 3169 939 3210 ex
960 3150 1005 3210 le-

51 3244 162 3319 gitimis
182 3247 305 3308 Galliae
327 3247 489 3325 Episcopis
516 3245 724 3321 exquisitori,
748 3243 870 3320 siquid
892 3243 924 3301 in
946 3245 1004 3305 hac

50 3356 81 3398 re
100 3343 215 3403 certius
236 3341 345 3401 deduci
364 3341 473 3417 possit,
486 3343 611 3416 Nosque
633 3340 664 3399 in
687 3339 865 3399 huiusmodi
879 3339 1002 3400 casibus

51 3436 266 3508 pronunciare,
289 3435 373 3494 omni
395 3453 411 3493 e
433 3434 534 3493 medio
561 3432 686 3492 sublata
710 3430 924 3503 dubitatione,
946 3449 1004 3490 va-

53 3524 172 3601 leamus,
186 3530 258 3607 qnid
274 3527 473 3589 iudicandum
491 3527 704 3605 agendumque
719 3525 772 3586 sit.
785 3527 912 3585 Interea
926 3527 1007 3584 tem»
