2488 4204
640 250 678 263 -
701 217 799 278 70-

235 325 439 403 apostolicam
460 323 708 385 benedictionem
729 325 762 384 in
790 328 940 404 paternae
961 323 1192 384 benevolentiae

233 419 369 482 Nostrae
391 419 503 497 pignus
524 422 726 496 peramanter
750 418 963 497 impertimur.

296 514 409 573 Datum
425 515 541 574 Romae
556 513 607 573 die
617 513 678 572 XX
688 512 876 575 Novembris
884 511 1110 583 MDGGXOIII,
1123 511 1194 570 Pon·

236 604 377 667 tificatus
397 605 507 667 Nostri
527 623 609 665 auno
631 607 723 671 XIX.

657 768 786 827 xvn.

570 889 656 932 nova
678 889 874 933 raoaocnrro

416 1031 698 1095 FAOULTATUM
723 1031 1022 1093 GONGESSARUM

455 1177 982 1228 essrcrrssnrononmonosruo

491 1319 604 1399 ΡΙΟ
648 1319 825 1400 ΡΑΡΑ
869 1321 936 1400 Vl.

388 1499 723 1561 naoururrsoorrs
754 1501 807 1560 nu
840 1498 1048 1610 nrrsoorrs

234 1659 284 1721 Ac
304 1659 502 1722 Dioecesium
517 1659 853 1721 Administretoridus
873 1657 1194 1736 aequiculanorum,

294 1770 353 1815 nec
379 1772 447 1814 noe
476 1751 639 1826 Corsicae,
661 1752 854 1826 Anemoreia,
878 1762 910 1815 et
931 1751 1117 1813 Comitatus
1145 1753 1197 1812 Ve·
1228 1777 1229 1788 ¹

294 1850 441 1921 corsici,
472 1845 673 1920 Sadaudiae,
697 1850 901 1924 aliorumque
930 1850 1091 1919 locorum,
1120 1862 1198 1924 quoe

291 1943 511 2019 persecutioni
530 1949 608 2001 sunt
627 1944 782 2002 chamaio.

297 2095 373 2154 Cum
389 2092 522 2152 maxime
537 2093 625 2152 cordi
646 2093 689 2153 sit
703 2093 907 2154 sanctissimo
922 2092 1053 2154 Domino
1069 2095 1198 2167 Nostro,
1235 2105 1236 2108 ’

145 2227 147 2232 .
235 2206 274 2246 ne
292 2185 474 2264 spiritualia
492 2186 632 2246 subsidia
652 2187 756 2247 desint
770 2187 892 2264 populis
905 2187 995 2264 regui
1010 2186 1197 2260 Galliarum,
1234 2191 1236 2272 t

233 2279 600 2353 Corsicae,Aveniouis,
617 2281 792 2342 Comitatus
815 2281 992 2354 Venusini,
1010 2281 1197 2354 sabaudiae,

235 2375 431 2450 aliorumque
458 2374 553 2432 etiam
586 2374 746 2446 locorum,
777 2373 856 2452 quae
888 2378 962 2434 suut
988 2375 1199 2452 persecutioni
1234 2379 1236 2458 {

235 2469 390 2542 obnoxia,
421 2485 551 2544 cumque
580 2472 687 2528 notum
719 2472 975 2546 perspectumque
1004 2469 1107 2528 eidem
1138 2471 1197 2540 sit,
1235 2459 1236 2470 ¹

233 2579 436 2624 aerumnosas
450 2561 524 2620 illas
538 2560 795 2624 circumstantias
809 2563 909 2623 adhue
923 2565 1114 2640 perdurare,
1132 2581 1199 2640 pro·

233 2658 307 2733 pter
327 2671 403 2731 quas
424 2654 550 2715 indulto
571 2654 633 2714 diei
655 2655 693 2716 10
714 2656 885 2714 decembris
904 2653 1074 2730 superioris
1106 2656 1197 2728 anni,

168 2751 170 2754 ’
232 2749 421 2827 prorogavit
441 2749 710 2810 extraordinarias
733 2747 903 2809 facultates
923 2766 1087 2809 concessas
1109 2767 1198 2825 prae-

232 2843 309 2905 fatis
330 2844 600 2922 Archiepiscopis‚
627 2844 803 2921 Episcopis,
826 2848 858 2903 et
880 2844 1066 2904 dioecesium
1090 2844 1199 2904 Admi-

233 2936 458 2997 nistratoribus
489 2940 529 2997 ad
560 2936 657 2997 alium
688 2954 864 3008 annum,a
892 2937 940 2995 die
973 2936 1198 3013 exspirationis

232 3031 403 3092 cuiuslibet
425 3031 542 3090 indulti
564 3029 741 3106 respective
756 3030 983 3107 incipiendum,
999 3031 1107 3088 eadem
1123 3031 1200 3090 San·

232 3125 329 3186 stitus
350 3125 414 3184 Sua
435 3141 515 3182 novo
536 3125 595 3182 hoc
615 3122 738 3181 indulto
757 3123 901 3185 'concedit
921 3122 1197 3200 Archiepiscopis‚

232 3216 412 3294 Episcopis,
432 3223 525 3292 atque
546 3215 865 3276 Administratoribus
885 3216 1069 3276 memoratis
1091 3235 1199 3293 proro-

233 3310 391 3388 gationem
407 3310 559 3380 omnium,
572 3309 829 3386 singularumque
842 3310 1029 3371 facultatum
1043 3312 1082 3371 ad
1099 3311 1199 3370 alium

234 3419 368 3472 annum,
387 3421 406 3462 a
427 3403 477 3462 die
498 3401 620 3478 pariter
642 3403 867 3480 exspirationis
887 3403 1008 3464 Indulti
1029 3403 1200 3464 cuiuslibet

233 3495 463 3574 incipiendum,
478 3495 504 3555 si
524 3494 643 3554 tamdiu
665 3497 839 3574 temporum
861 3495 1025 3557 calamitas
1047 3497 1199 3574 perdura-
