2488 4204
211 315 382 394 gentionem,
404 313 569 388 ceteraque
591 312 630 370 ad
659 306 747 367 illius
775 309 832 367 aut
852 325 981 384 poenam
1010 313 1066 369 aut
1087 309 1190 388 igno-

210 409 339 470 miniam
360 421 581 466 aerumnarum
611 419 746 478 genera,
769 401 908 476 adquae
931 419 1040 477 nemo,
1062 404 1095 462 in
1121 423 1191 482 quo

212 501 331 578 aliquid
353 495 567 559 humanitatis
588 497 690 567 esset,
713 493 805 570 plane
831 511 893 554 non
923 496 1190 572 exhorresceret3

211 617 281 659 oum
303 594 489 674 praesertim
511 595 586 652 nota
606 611 642 652 nc
663 594 828 668 perspecta
849 591 932 652 foret
951 593 1095 652 omnibus
1118 595 1192 654 Lu-

212 691 316 753 dovici
328 689 462 761 indoleo,
477 687 594 760 suavis,
604 685 753 756 benefica,
763 684 912 758 clemens,
925 687 1060 763 patiens,
1073 705 1192 748 amans

212 787 260 848 sui
282 785 401 863 populi,
424 803 443 844 a
466 783 584 859 rigore,
607 799 627 840 a
647 779 822 840 severitate
843 779 959 853 aliena,
975 797 1051 858 erga
1074 773 1192 842 omnes

211 879 326 953 facilis,
349 882 382 939 et
403 874 691 954 indulgentissima,
713 892 774 950 qua
794 872 988 947 factumest,
1005 875 1193 935 utadcon·

211 974 350 1034 vocanda
362 970 453 1048 regni
465 967 608 1041 comitia,
617 985 696 1044 quae
709 965 948 1043 flagitabantur,
960 967 1188 1042 induceretur,

212 1084 350 1144 quaeque
372 1063 404 1122 in
426 1063 546 1140 regiam
568 1059 808 1134 auctoritatem,
831 1078 866 1119 ao
889 1061 1012 1120 demum
1033 1060 1066 1119 in
1086 1065 1189 1139 caput

213 1177 301 1222 suum
323 1158 547 1219 redundarent.
570 1154 754 1216 Praeterire
781 1158 885 1215 tamen
915 1171 975 1213 non
1004 1172 1188 1231 possumus,

213 1273 291 1332 quae
313 1255 350 1312 de
372 1251 439 1312 eius
467 1250 643 1310 virtutibus
672 1265 779 1308 omnes
806 1247 964 1325 exipsius
989 1251 1189 1309 testamento

213 1347 420 1427 perspiciunt,
444 1344 572 1423 propria
592 1343 770 1421 perscripto
793 1360 908 1415 manu,
932 1360 972 1402 ex
993 1341 1106 1402 intimo
1134 1342 1188 1402 sui

214 1441 311 1501 animi
332 1457 435 1512 sensu,
457 1456 493 1497 ac
516 1435 627 1512 ubique
649 1435 737 1512 typis
759 1436 919 1512 evulgato.
943 1436 1067 1503 Quanta
1089 1436 1123 1494 in
1146 1455 1187 1496 eo

212 1533 346 1596 virtutis
360 1532 491 1611 species,
506 1535 643 1607 quantus
656 1528 720 1588 fuit
734 1528 767 1586 in
782 1529 968 1590 catholicam
991 1529 1185 1606 religionem

214 1630 308 1690 ardor
328 1625 436 1697 animi,
453 1642 531 1700 quae
546 1639 642 1682 verae
663 1620 694 1679 in
717 1623 815 1682 Deum
830 1623 962 1698 pietatis
978 1623 1109 1696 indicia,
1127 1624 1185 1702 qui

212 1723 314 1796 dolor,
331 1738 408 1798 qnae
423 1717 629 1795 poenitentia,
642 1716 733 1793 quod,
749 1716 802 1775 vel
816 1715 950 1790 invitus,
964 1734 1076 1775 nomen
1090 1737 1186 1778 suum

213 1815 294 1877 actis
315 1811 498 1890 disciplinae
519 1811 651 1887 fideique
673 1810 864 1870 orthodoxae
886 1810 1035 1872 ecclesiae
1055 1815 1187 1874 contra·

214 1912 271 1972 riis
293 1905 515 1983 adscripserit!
539 1905 627 1965 Unde
648 1903 681 1962 in
703 1905 752 1962 tot
773 1903 915 1964 adversis
938 1905 1037 1982 magis
1058 1904 1091 1963 in
1114 1907 1185 1966 dies

215 2001 437 2084 ingruentibus
452 1999 545 2058 rebus
559 2015 628 2056 cum
643 2015 721 2073 pene
736 1997 938 2072 obrueretur,
955 1999 993 2058 ab
1008 1998 1075 2076 ipso
1090 2017 1186 2060 usur-

214 2097 285 2176 pari
307 2094 413 2173 potuit
434 2091 536 2151 Iacobi
557 2093 572 2151 I
592 2089 778 2151 Britanniae
808 2090 893 2167 regis
915 2091 1085 2166 sententia,
1109 2111 1184 2153 cum

216 2191 354 2250 diceret:
387 2183 576 2245 Uolumnius
596 2186 710 2261 spargi
734 2191 849 2245 contra
869 2203 901 2244 se
929 2187 967 2243 in
995 2187 1187 2246 tribunitiis

217 2282 441 2351 concionibus,
465 2295 533 2338 non
552 2280 636 2356 qnia
664 2279 788 2338 crimen
810 2278 945 2354 aliquod
966 2278 1182 2355 designasset,

216 2376 271 2436 scd
291 2377 373 2453 qnia
392 2389 453 2433 ren
474 2378 561 2442 erat,
585 2372 672 2448 qnod
693 2374 783 2431 omni
809 2374 947 2432 crimine
973 2375 1066 2449 peine
1088 2373 1187 2435 kabe-

218 2471 316 2530 bainr
337 2467 394 2545 (l).

276 2564 321 2624 At
341 2561 392 2621 hic
413 2558 666 2620 intermittamus
679 2559 877 2636 aliquantum
901 2560 938 2619 de
960 2560 1121 2621 Ludovico
1136 2564 1187 2623 lo-

218 2656 283 2734 qui,
306 2658 342 2716 ut
363 2655 528 2715 afferamus
550 2651 747 2730 potissimum
769 2671 807 2712 ex
829 2651 964 2713 historia
988 2656 1182 2732 exemplum,

219 2753 326 2810 nostro
347 2747 419 2808 huic
440 2751 624 2826 argumento
646 2747 738 2825 piane
759 2763 946 2822 congruere,
969 2747 1110 2824 quodque
1132 2751 1185 2809 lu-

218 2843 354 2905 culentis
379 2843 583 2921 ingenuorum
610 2841 801 2918 scriptorum
827 2837 1020 2900 testimoniis
1042 2859 1187 2920 compro·

218 2939 313 3000 batur
334 2935 391 3016 (2).

281 3071 666 3131 <1>n01nstnntnn.rnnup.
684 3068 717 3118 au
732 3068 871 3117 nennium
887 3068 924 3116 nn.
942 3069 988 3117 ln.
1007 3070 1042 3114 11.
1061 3068 1092 3117 oe
1110 3072 1182 3120 omo.
1235 3061 1236 3084 ¹

219 3155 281 3209 Ing.
292 3150 321 3198 in
330 3149 423 3198 subdit.
436 3148 460 3204 S.
472 3147 550 3196 Hice
562 3142 723 3206 Ministerio,
734 3144 802 3193 inter
812 3157 880 3202 oper.
894 3146 979 3192 Iacob.
991 3148 1052 3203 Reg.
1069 3159 1129 3205 pag.
1142 3150 1182 3196 72.

220 3226 280 3275 edit.
291 3225 453 3274 Frenoofurt.
464 3227 490 3271 et
499 3224 569 3282 nipe.
582 3235 642 3269 ann.
654 3221 723 3268 1689.

286 3303 321 3357 (2)
337 3301 465 3361 Sponden.
476 3299 617 3348 continuet.
627 3298 722 3345 Annei.
733 3297 881 3346 Ecolenieut.
894 3299 954 3344 tom.
966 3299 1001 3345 ΙΙ.
1014 3296 1046 3346 ed
1057 3312 1098 3348 eu.
1112 3301 1182 3348 1587.

223 3375 277 3439 e§.
295 3377 318 3422 1.
337 3375 370 3423 nd
387 3378 410 3424 6.

284 3453 371 3501 Natul.
388 3449 512 3498 Alexand.
525 3449 591 3496 Hist.
603 3463 670 3498 eaeo.
682 3450 720 3497 15.
732 3451 759 3498 et
768 3451 807 3498 16.
819 3463 874 3511 cup.
887 3451 958 3499 xm.
970 3453 1017 3500 ert.
1030 3453 1053 3500 6.
1064 3453 1126 3501 tom.
1138 3455 1181 3500 1x.

221 3541 292 3591 oper.
301 3540 360 3591 pag.
370 3528 425 3580 242.
436 3526 485 3577 eol.
496 3528 520 3578 2.
531 3525 564 3578 ud
573 3525 618 3579 flu.
628 3525 688 3577 edit.
699 3529 788 3581 venet.
801 3529 871 3577 1778.
