2430 4202
228 307 265 363 ut
284 306 456 364 caveanta
476 298 627 377 periculo.
651 301 781 376 Magnas
802 319 868 360 esse
883 317 920 358 ac
933 301 1069 377 opinione
1083 302 1170 360 maio-

227 415 288 468 res,
312 413 389 472 qnae
411 396 612 471 pararentur,
635 395 780 469 insidias3
803 395 1031 472 earundemque
1044 400 1170 454 contem·

228 496 284 567 ptu
306 493 338 549 et
360 487 554 566 negligentia
568 489 705 564 quotidie
726 488 956 548 immanitatem
977 507 1111 550 creseere
1124 493 1170 549 bo

228 583 333 643 stium.
366 579 455 645 Nihil
484 599 550 640 esse
578 582 611 640 iu
640 583 812 659 Republica
838 582 1010 659 suspectius
1036 588 1170 661 oportere

227 675 430 736 clandestinis
452 675 698 736 conventiculis:
723 694 778 736 nec
800 676 900 736 ullum
922 695 989 736 esse
1012 695 1106 754 genus
1125 679 1170 735 bo·

227 769 356 842 minum,
372 769 425 845 qui
447 771 525 844 quod
548 775 633 831 recte
654 769 816 841 facerent,
840 769 946 829 efferri
965 770 1068 846 palam
1088 775 1171 846 atque

227 862 259 921 in
281 863 386 921 oculos
407 861 545 921 omnium
567 862 808 921 erubescerent:
832 863 1017 938 omninoque
1039 861 1172 921 tenebras

227 973 392 1030 numquam
416 955 474 1013 nisi
490 955 527 1014 ad
542 955 660 1014 scelera
673 955 794 1032 quaeri3
811 957 844 1014 et
857 956 968 1016 tristes
983 974 1074 1032 saepe
1088 955 1171 1014 fuisse

227 1065 379 1124 nugarum
395 1052 429 1108 et
443 1048 585 1107 ludorum
601 1048 702 1124 specie
724 1049 902 1124 tragoedias
916 1049 1085 1108 excitatas.
1101 1049 1171 1114 Quae

226 1141 349 1216 quidem
370 1145 404 1200 et
425 1141 567 1200 Pastoris
588 1141 839 1217 vigilantissimi,
862 1147 895 1201 et
916 1142 1029 1202 Patris
1050 1141 1171 1201 omnium

226 1234 433 1294 amantissimi
455 1233 618 1311 praeclara
638 1234 775 1306 monita,
799 1233 918 1294 utinam
951 1235 1068 1294 nevel
1095 1233 1172 1293 nimis

224 1344 294 1385 sero
316 1328 533 1386 commendata
554 1330 586 1385 et
607 1327 742 1402 agnita,
766 1327 816 1386 vel
841 1327 933 1386 nimis
954 1327 1021 1387 cito
1044 1344 1172 1404 compro-

224 1420 298 1481 bata
318 1423 422 1480 essent
441 1424 570 1491 eventu,
593 1425 686 1497 atque
709 1421 766 1479 hac
791 1423 860 1480 tota
881 1421 1121 1497 perturbatione
1146 1437 1172 1477 ac

225 1515 388 1575 eversione
411 1531 529 1586 rerum,
545 1533 623 1590 quae
644 1516 752 1591 postea
773 1514 862 1573 brevi
884 1517 1078 1590 consequuta
1098 1517 1150 1572 est.

286 1610 330 1667 At
338 1607 388 1666 Pii
401 1626 531 1684 magnus
546 1607 667 1686 animus
681 1626 740 1666 uon
750 1608 840 1666 modo
852 1609 931 1666 hanc
942 1607 1082 1667 omnium
1092 1625 1172 1685 paene

225 1700 366 1776 gentium
389 1699 542 1758 incuriam
565 1699 760 1777 pervidebat;
782 1718 891 1759 verum
912 1699 992 1760 illud
1016 1701 1114 1761 etiam
1135 1702 1173 1758 in-

224 1793 403 1869 telligebat,
419 1793 445 1851 si
460 1794 581 1868 quando
600 1792 775 1850 incendium
790 1792 925 1852 excitari
940 1795 973 1852 et
988 1795 1171 1871 conflagrare

223 1885 387 1961 coepisset,
410 1885 505 1944 nullis
526 1903 593 1944 esse
613 1887 815 1944 coercendum
838 1885 964 1959 finibuS,
983 1887 1110 1963 totique
1123 1889 1173 1946 lta·

222 1979 285 2039 liae
313 1979 498 2038 vastitatem
525 1979 708 2038 allaturum.
733 1979 813 2044 Quos
840 1977 897 2037 ille
919 1980 977 2037 hac
1005 1982 1060 2040 tot
1081 1983 1174 2039 tauto-

224 2093 353 2151 rumque
382 2072 533 2131 malorum
563 2070 782 2147 praesensione
804 2071 907 2129 animo
929 2088 1088 2148 angores,
1111 2091 1173 2152 quas

224 2185 401 2239 aerumnas,
414 2182 491 2242 quae
506 2164 718 2225 cruciamenta
740 2181 796 2222 uon
822 2164 969 2225 habuerit
985 2185 1111 2228 necesse
1124 2166 1174 2227 estl

223 2265 266 2324 Et
288 2267 390 2322 tamen
413 2260 490 2320 satis
512 2276 578 2319 esse
600 2259 721 2318 muneri
751 2277 806 2318 suo
828 2262 975 2335 poterat,
999 2263 1097 2322 semel
1122 2279 1175 2320 mo·

223 2355 327 2413 nuisse
339 2377 345 2412 :
359 2373 436 2430 quae
457 2373 507 2412 res
530 2372 566 2412 ne
581 2353 661 2430 apud
684 2355 788 2412 hostes
802 2353 925 2430 quidem
941 2354 1025 2430 ipsos
1041 2372 1174 2432 magnam

224 2450 296 2507 erat
315 2447 465 2507 invidiam
490 2447 654 2520 habitura3
677 2446 789 2523 quippe
812 2446 862 2522 qui
886 2447 1002 2524 optime
1025 2450 1174 2526 intellige

208 2531 317 2613 rent,
344 2542 482 2618 partium
505 2559 571 2600 esse
592 2541 757 2599 Pontifiois
779 2540 809 2598 id
832 2538 953 2613 sacere3
978 2559 1035 2602 nec
1058 2559 1176 2619 magno·

223 2652 297 2712 pere
319 2633 444 2706 crimini
466 2633 650 2692 vertendum
674 2651 750 2703 esse,
774 2633 799 2690 si
821 2633 968 2692 Pontifex
983 2634 1174 2694 essetconsi-

223 2728 338 2788 liorum
360 2731 481 2800 auctor,
505 2726 654 2798 monitor,
671 2724 808 2799 adiutor,
825 2742 903 2800 quae
927 2728 963 2784 ut
985 2727 1079 2787 daret
1099 2727 1173 2786 locus

223 2821 289 2899 ipse
311 2839 384 2880 suns
405 2825 438 2880 et
459 2819 582 2896 reliqua
597 2818 734 2894 dignitas
756 2818 970 2895 postulabant.
987 2821 1121 2896 Urgere,
1136 2819 1173 2876 in·

222 2919 320 2988 stare,
344 2915 431 2974 nullo
451 2917 507 2971 'nee
529 2913 614 2984 loeo,
638 2929 694 2969 nec
716 2929 836 2970 cessare
859 2916 1017 2988 tempore3
1042 2914 1100 2972 hoc
1120 2909 1172 2969 cri-

222 3026 292 3067 men
315 3012 385 3066 erat
406 3005 553 3065 Pontifici
574 3006 662 3082 apud,
677 3005 817 3063 homines
838 3004 1104 3081 improbissim0s3
1125 3005 1173 3061 boc

222 3103 416 3160 aestuantem
437 3098 614 3174 pectoribus
635 3097 714 3157 iram
736 3097 825 3174 qnasi
846 3097 982 3156 admotis
1004 3097 1122 3157 facibus
1135 3097 1173 3154 in·

221 3193 418 3265 flammabat3
442 3193 498 3251 hoc
520 3191 676 3250 furentem
700 3189 871 3249 ulciscendi
893 3189 993 3262 sitim,
1015 3190 1173 3266 magnique

222 3287 331 3346 edendi
351 3286 487 3365 exempli
502 3285 666 3345 libidinem
681 3284 883 3356 incendebat;
900 3283 931 3341 in
946 3302 1006 3360 quo
1021 3285 1078 3344 sibi
1093 3301 1174 3361 prae·

223 3379 340 3439 claram
361 3383 493 3458 positam
517 3397 583 3438 esse
606 3378 740 3454 gloriam
761 3379 1014 3439 arbitrabantur.
1031 3379 1087 3438 Sed
1105 3378 1173 3436 Pius

222 3472 365 3550 urgebat,
389 3473 549 3543 instabat,
574 3469 660 3530 nullo
683 3487 738 3528 nec
760 3469 838 3541 loco,
863 3487 919 3528 nec
941 3471 1080 3530 cessabat
1103 3472 1173 3527 tem·
