2488 4204
428 220 585 309 -07'..

21 356 157 432 publicus
181 355 408 418 celebretur...
420 356 584 434 sponsique
595 359 765 418 secundum
775 356 934 420 Ecclesiae
945 358 993 442 le·¹

21 467 66 526 ges
80 449 299 510 matrimonio
320 467 379 508 uon
400 449 586 528 iungantur.
608 451 678 512 Etsi
695 469 770 511 vero
784 451 992 532 praescriptio

21 545 87 604 haec
101 544 317 628 generalibus
339 562 489 623 expressa
509 547 615 606 verbis
642 547 696 619 sit,
710 547 802 608 facile
818 551 922 608 tamen
936 549 993 610 sd·

20 639 162 698 ducimur
182 642 224 698 ut
246 640 406 700 credamus
423 641 454 700 te
476 639 513 700 de
534 639 725 700 solemnibus
738 639 868 718 nuptiis,
882 659 942 702 non
956 642 993 702 de

17 731 153 806 privatis
171 731 385 792 intellexisse.
400 733 481 792 Hinc
494 735 533 793 ad
547 734 753 794 amovendam
768 751 991 811 quamcumque

15 823 256 886 dubitationem
277 824 308 882 in
332 841 367 884 re
389 825 519 886 maximi
542 827 704 902 momenti,
726 827 901 887 consultius
913 825 991 902 erit,

14 918 144 996 siquod
168 917 334 979 statuitur
354 919 391 980 de
412 919 534 995 sponsis
556 922 697 996 praefato
720 925 859 998 tempore
881 918 993 982 matri-

15 1013 118 1075 monio
144 1012 408 1090 coniungendis,
434 1012 482 1072 ita
502 1013 710 1089 exprimatur:
725 1013 923 1100 «sponsique
945 1032 993 1076 se·

16 1111 154 1168 cundum
188 1105 347 1168 Ecclesiae
374 1107 459 1186 leges
482 1106 670 1168 solemnibus
692 1107 811 1186 nuptiis
837 1126 898 1168 non
923 1109 992 1170 iuu-

15 1206 177 1280 gantur.»

71 1299 180 1358 Num.
208 1294 239 1354 8.
264 1296 312 1355 Ad
337 1295 566 1373 exstinguenda
588 1295 765 1358 schismatis
779 1294 872 1354 huius
894 1294 993 1356 vesti·

14 1389 64 1468 gia
85 1387 300 1461 decernitur,
322 1389 403 1466 quod
426 1389 576 1451 «hostiae
597 1408 616 1450 a
635 1388 836 1450 schismatico
859 1390 993 1470 presby-

15 1487 81 1544 tero
95 1485 310 1554 consecratae
333 1485 499 1543 sumendae
513 1486 598 1556 snut,
615 1488 672 1544 aut
689 1502 750 1544 una
763 1502 833 1543 cum
844 1485 893 1543 ita
907 1484 991 1545 dicto

16 1575 181 1655 corporali
199 1575 436 1650 comburendae3
452 1575 531 1635 cinis
546 1577 646 1636 denuo
667 1595 748 1656 aqua
761 1577 927 1638 diluendas
941 1580 992 1640 at·

16 1687 70 1746 que
92 1670 127 1728 in
153 1667 332 1730 sacrarium
353 1668 739 1742 effundendusaverum,
754 1687 793 1729 ne
814 1673 991 1732 sacerdotes

13 1761 172 1836 catholici
201 1760 287 1822 vitae
314 1761 507 1828 amittendae
538 1763 678 1838 periculo
703 1767 920 1840 exponantur,
942 1782 993 1826 su·-

17 1858 125 1915 mendo
150 1853 276 1915 hostias
296 1872 317 1914 a
336 1855 544 1915 schismaticis
564 1855 760 1933 presbyteris
780 1861 989 1932 consecratas,

21 1948 45 2008 si
62 1949 147 2010 istae
165 1947 251 2007 forte
272 1964 393 2007 veneno
408 1947 541 2009 iniectae
563 1948 696 2022 fuerint,
716 1952 749 2008 et
770 1968 808 2008 ne
833 1947 928 2009 iidem
943 1967 991 2012 aa·

18 2051 164 2109 candotes
181 2046 329 2106 catholici
352 2046 384 2105 in
407 2045 471 2106 vim
487 2051 754 2124 praememoratae
770 2047 992 2126 praescriptio·

18 2141 62 2202 nis
80 2143 132 2203 fas
157 2137 221 2198 sibi
242 2157 307 2200 esse
328 2137 527 2198 arbitrentur
553 2139 670 2200 hostias
694 2140 803 2200 statim
821 2141 992 2202 'combure-

19 2251 63 2306 re‚
78 2235 169 2312 quod
193 2248 234 2292 ex
255 2232 392 2302 omnium
416 2232 634 2310 theologorum
657 2235 816 2294 sententia
841 2234 991 2296 illicitum

19 2327 149 2386 omnino
165 2328 217 2384 cst
232 2327 306 2385 ante
328 2323 458 2384 totalem
481 2342 588 2384 aarum
603 2327 848 2403 corruptionem,
862 2331 990 2406 gratum

16 2421 165 2498 apprime
186 2419 285 2480 Nobis
305 2417 401 2493 foret,
424 2419 450 2480 si
472 2419 632 2479 claritatis
653 2421 759 2498 gratia
778 2421 885 2482 eadem
901 2440 992 2501 prae-

19 2513 154 2590 scriptio
169 2511 202 2572 in
218 2512 300 2575 hunc
321 2513 445 2572 modum
471 2511 716 2590 exprimeretur:
732 2513 862 2574 Hostiae
877 2533 896 2574 a
911 2515 992 2574 schi-

19 2608 156 2670 smatico
171 2605 359 2684 presbytero
373 2609 572 2668 consecratae
588 2609 793 2668 asservaudae
814 2612 921 2684 erunt,
938 2611 992 2669 do·

20 2719 75 2760 nec
89 2699 214 2778 species
236 2698 476 2760 sacramentales
497 2699 618 2760 fuerint
632 2700 755 2762 omnino
766 2706 945 2781 corruptae,
957 2706 991 2765 et

20 2795 97 2852 tnnc
110 2791 216 2854 satius
236 2791 312 2866 erit,
335 2796 447 2853 utnon
462 2797 713 2869 concrementur,
732 2796 784 2855 sed
800 2799 872 2873 post
886 2797 991 2856 omni·

22 2888 145 2946 modam
167 2887 400 2964 corruptionem
420 2887 454 2948 in
476 2886 661 2962 sacrarium,
684 2906 737 2950 scu
752 2889 903 2967 piscinam
916 2889 992 2950 inii·

21 2979 162 3040 cientur.

81 3074 180 3134 Num.
203 3072 252 3133 13.
277 3074 322 3133 De
349 3073 561 3134 matrimoniis
592 3074 764 3135 contractis
795 3092 902 3134 coram
930 3091 991 3151 pa-

21 3165 131 3225 rochis
151 3166 266 3227 iuratis
287 3166 483 3244 disponitur,
498 3173 536 3227 nt
557 3168 711 3245 sequitur:
728 3167 860 3227 Illorum
881 3167 992 3228 matri·

22 3259 218 3333 munierum,
244 3259 355 3336 quibus
379 3260 508 3320 adstitit
530 3261 682 3338 parochus
705 3262 800 3322 autea
820 3259 988 3337 proprius,

23 3353 75 3411 sed
94 3352 134 3411 ob
149 3352 362 3414 iuramentum
375 3370 554 3431 suspensus,
570 3372 640 3414 cum
655 3355 784 3413 necdum
798 3353 836 3412 ab
850 3352 991 3416 Ecclesia

23 3444 189 3504 definitum
204 3445 257 3520 ait,
284 3462 322 3505 an
345 3448 497 3524 parochus
519 3447 679 3523 tamquam
701 3445 848 3506 minister
868 3447 927 3506 boc
942 3464 992 3508 sa·

23 3541 221 3600 eramentum
241 3539 394 3614 conferat,
410 3542 467 3602 aut
488 3539 520 3599 in
542 3539 669 3601 ratione
683 3538 776 3601 testis
796 3539 880 3600 omni
902 3558 990 3600 exce·

871 3644 889 3679 ἡ
