2426 4192
598 189 636 203 ..
657 158 719 218 232
738 189 777 203 ..

211 261 311 322 vitam
337 270 547 339 exposuerant
575 281 682 337 suam,
710 271 747 325 ot
767 263 840 325 fidei
862 264 1034 342 depositam
1059 263 1164 324 ovibus

212 355 277 415 suis
298 360 534 430 conservarent,
555 358 646 418 velut
666 359 777 436 supina
796 358 980 436 ignorantia
988 359 1164 423 laborantes

212 450 246 508 et
265 447 432 510 fanatismo
445 450 597 527 impulsos
611 452 751 516 traduxi.
764 454 807 513 Et
821 451 1025 533 nihilominus
1039 456 1109 528 post
1122 454 1165 512 tot

106 583 109 590 -
212 559 248 602 ac
271 544 362 604 tants
387 545 531 605 scandala
559 545 688 606 minime
705 551 853 624 reparata
866 546 933 605 lere
955 545 1088 623 singulis
1109 544 1165 604 die·

211 636 270 696 bus
284 637 442 714 hucusque
455 657 514 698 non
528 641 678 700 exhorrui
690 658 780 700 sacra
795 640 955 700 celebrere
966 636 1137 718 mysterial

252 731 278 790 0
304 733 386 791 Deus
411 731 609 792 misericors!
635 736 716 794 Dens
748 734 902 811 benigne!
930 735 978 793 Tu
1011 731 1164 792 illusiones

212 840 297 884 meas
320 824 498 903 dissipasti;
523 827 636 904 pertice
657 829 738 890 dona
759 827 894 905 gratiae,
916 827 1031 904 quibus
1053 844 1101 885 me
1120 842 1164 883 co·

212 918 353 992 malasti,
376 922 409 980 et
429 939 487 998 pro
509 921 557 981 toi
579 922 712 982 nominis
733 921 838 999 gloria
857 924 1019 998 acceptam
1033 922 1164 998 gratam·

212 1029 271 1087 que
296 1011 410 1073 habeas
437 1031 473 1073 ac
494 1014 667 1076 salutarem
687 1015 801 1074 efficias
822 1015 979 1092 publicam
1008 1011 1164 1091 professio·

213 1120 296 1176 nem,
318 1123 379 1181 qua
399 1123 447 1164 me
470 1108 541 1166 tuae
555 1107 676 1184 legibus
690 1106 848 1168 Ecclesiae
863 1108 1089 1183 obsequentem
1103 1121 1164 1162 con·

214 1196 325 1258 stituo.
342 1201 440 1260 Oredo
461 1205 494 1260 et
515 1201 666 1262 confiteor
686 1219 790 1261 omnes
815 1201 991 1273 veritates,
1013 1217 1093 1276 quas
1117 1199 1164 1258 Eo·

213 1290 310 1352 clesia
333 1292 511 1367 catholica,
533 1295 715 1372 Apostolica
742 1299 775 1356 et
803 1297 944 1356 Romana
972 1294 1089 1354 tradit.
1110 1294 1164 1366 Ego

213 1386 305 1445 oredo
329 1386 493 1462 speciatim
523 1389 660 1449 existere
682 1407 805 1450 sacrum
830 1389 1045 1450 ministerium
1069 1389 1163 1449 alesn

213 1478 340 1540 Christo
367 1480 399 1538 in
428 1481 569 1542 Ecclesia
595 1499 651 1542 sua
671 1482 873 1556 institutum
896 1481 1121 1542 auctoritatem
1138 1480 1164 1536 ei

211 1570 487 1646 infallibilitatem,
509 1593 600 1650 quam
622 1577 690 1653 lpse
711 1575 954 1635 communicavit
972 1575 1099 1656 corpori
1112 1573 1164 1650 pri·

212 1683 335 1725 morum
349 1671 525 1742 pastorum,
539 1669 627 1728 cuius
639 1671 739 1745 Caput
756 1673 806 1729 est
821 1671 916 1746 Papa,
933 1671 972 1729 ad
988 1669 1162 1736 docendum,

90 1775 93 1782 ’
212 1761 382 1837 regendum
403 1766 437 1820 et
457 1761 691 1837 gubernandum
713 1763 744 1822 in
768 1762 878 1823 ordine
892 1762 1022 1835 salutis3
1038 1767 1076 1822 et
1089 1762 1162 1822 abso·

211 1852 311 1914 lutam
322 1851 594 1930 independentiam
609 1854 785 1933 spiritualis
799 1857 980 1932 potestatis,
995 1874 1092 1932 qnam
1105 1873 1163 1914 con-

212 1946 347 2006 credidit
368 1948 543 2024 pastoribus
563 1948 720 2009 Ecclesiae
741 1951 780 2008 ad
802 1948 1085 2009 sanctificationem
1107 1947 1163 2009 ani·

211 2057 345 2100 marum.
361 2041 438 2100 Post
458 2041 680 2117 professionem
701 2044 880 2102 sanctarum
905 2042 1103 2114 veritatum,
1123 2058 1163 2100 re·

212 2137 317 2195 tracto
329 2137 364 2193 et
376 2151 415 2194 ex
429 2133 625 2195 convictione
640 2138 673 2196 et
684 2152 724 2202 ex
735 2134 913 2196 obedientia
921 2152 1002 2211 erga
1013 2136 1161 2195 Summun

212 2228 407 2300 Pontificem,
430 2228 600 2290 infaustum
616 2229 827 2290 iuramentum
841 2229 1002 2290 libcrtatis
1017 2236 1052 2290 et
1066 2245 1163 2306 aequa·

211 2321 326 2382 litatis.
344 2321 512 2382 Convictus
527 2322 621 2382 simul
643 2327 675 2382 et
696 2324 821 2382 Summo
842 2321 992 2382 Pontifici
1014 2323 1160 2392 obediens,

214 2431 320 2475 omnes
347 2416 589 2501 constitutionis
617 2416 723 2477 civilis
750 2416 834 2478 Glcri
863 2433 988 2476 errores
1017 2415 1161 2494 expressis

214 2509 320 2569 verbis
342 2507 463 2584 abiuro,
486 2515 612 2587 totoque
633 2512 725 2570 corde
739 2529 787 2569 me
803 2509 932 2570 subiicio
947 2509 1078 2583 iudicio,
1093 2507 1161 2586 quod

214 2603 280 2680 ipse
294 2604 445 2664 adversus
459 2605 539 2664 hanc
554 2603 817 2665 Constitutionem
833 2602 950 2675 emisit,
962 2603 1046 2663 sicut
1057 2610 1090 2663 et
1101 2601 1161 2662 aliis

214 2695 356 2756 omnibns
377 2695 500 2756 iudiciis
520 2716 540 2757 a
561 2699 639 2757 Sede
660 2696 841 2774 apostolica
861 2696 994 2773 prolatis
1014 2699 1049 2756 et
1062 2698 1100 2758 ab
1112 2697 1160 2756 Ec-

214 2789 311 2850 clesia
332 2791 478 2868 receptis,
501 2790 748 2867 praesertimque
768 2789 850 2862 Baii,
873 2789 1009 2850 lansenii
1037 2793 1071 2850 et
1096 2790 1162 2856 Quo·

214 2885 308 2947 anelli
336 2901 477 2947 errorum
507 2883 709 2944 damnationi.
733 2885 876 2959 Agnosco
898 2887 1094 2959 praetensam
1115 2883 1161 2940 Sa·

214 2978 343 3056 baudiae
366 2977 546 3049 Ecclesiam,
563 2976 650 3036 cuius
663 2977 765 3056 Oaput
779 2974 970 3035 constitutus
985 2993 1066 3049 sum,
1077 2975 1160 3034 foisse

215 3090 327 3133 novam
356 3076 389 3131 et
416 3069 643 3131 schismaticam
671 3067 853 3142 ecclesiam3
871 3086 943 3148 ¹me,
968 3071 1078 3146 utpote
1102 3064 1161 3125 nul·

214 3164 340 3226 latenus
354 3165 480 3224 missum
495 3182 514 3223 a
528 3163 654 3223 Summo
668 3160 832 3234 Pontifice,
847 3161 897 3221 cui
913 3161 971 3221 soli
986 3162 1078 3222 hodie
1091 3176 1161 3220 oon·

216 3257 299 3334 petit
318 3257 367 3317 ius
386 3256 572 3318 instituendi
592 3254 770 3334 Episcopus,
792 3253 825 3312 in
846 3253 1079 3314 consecratione
1104 3265 1161 3310 mes

217 3348 297 3408 nihil
319 3351 482 3428 accepisse,
505 3353 632 3425 praeter
645 3349 858 3410 characterem
874 3346 1000 3420 mortis,
1013 3339 1158 3419 sacrilegii

214 3441 366 3516 fructom;
389 3460 494 3503 omnes
515 3437 759 3520 dispensationes
785 3459 803 3501 a
824 3459 879 3500 me
895 3458 1056 3502 concessas
1077 3436 1158 3498 fuisse
