2426 4192
389 283 568 342 -177-

30 386 73 444 hac
89 405 171 447 causa
190 387 258 448 fieri
279 407 297 448 a
318 388 406 448 nobis
428 391 612 465 oporteret,
635 389 760 466 cognito
782 389 877 450 etiam
900 408 959 450 ve·

30 481 186 540 nerabilium
208 483 368 555 Fratrum,
391 500 426 542 ac
447 481 633 542 dilectorum
655 481 809 544 Filiorum
830 485 961 546 Nostro·

29 590 81 632 run
99 575 236 649 consilio,
251 593 325 653 quos
339 579 395 637 aut
417 575 534 653 alloqui
556 593 675 649 coram,
691 580 747 638 aut
761 595 817 654 per
832 578 959 639 litteras

28 668 161 728 consulere
180 670 350 746 potuimus,
364 687 433 729 cum
455 669 637 730 iustissimis
652 671 689 728 de
711 670 814 730 causis
835 674 959 732 statue-

28 760 103 821 rimus
122 764 344 824 abdicationem
373 765 452 826 hanc
473 783 492 826 a
513 764 601 824 nobis
628 783 694 825 esse
721 765 958 844 admittendam,

28 857 53 912 ut
69 874 137 932 quae
157 876 212 934 per
233 875 300 918 eam
322 858 509 920 Vincentius
529 859 632 919 Maria
653 860 689 918 de
710 859 844 920 Alteriis
865 863 961 922 confl-

26 965 77 1005 uere
95 951 204 1024 voluit,
220 953 285 1012 vim
306 971 393 1012 suam
415 971 535 1012 omnem
558 953 672 1013 habere
696 954 833 1029 possint:
851 959 960 1015 aucto-

25 1039 100 1100 ritate
128 1045 348 1120 omnipotentis
376 1044 453 1118 Dei,
476 1049 510 1104 et
538 1047 715 1105 sanctorum
744 1048 959 1123 apostolorum

25 1135 93 1195 Petri
112 1143 143 1200 st
162 1141 272 1214 Pauli,
296 1146 329 1201 et
348 1143 486 1213 Nostra,
509 1141 738 1203 abdicationem
768 1143 877 1204 dilecti
898 1145 959 1205 fllii

25 1227 157 1292 vincentii
171 1234 291 1294 Mariae
313 1236 349 1293 de
364 1234 497 1294 Alteriis
511 1253 527 1294 e
542 1235 739 1298 cardinalatu
761 1239 959 1300 admittimus

24 1322 182 1385 solemniter
202 1329 296 1402 atque
318 1331 523 1403 acceptamus.
542 1329 621 1388 Tum
635 1328 836 1389 vincentium
851 1332 888 1390 de
901 1331 960 1392 Al·

24 1416 94 1476 tcriis
114 1420 252 1480 omnibus
274 1419 487 1481 cardinalatus
509 1419 655 1480 oneribus
676 1420 865 1496 liberatum,
891 1424 959 1484 dia-

23 1507 100 1582 conia,
121 1511 306 1584 honoribus,
329 1511 549 1589 appellatione,
565 1512 753 1590 insignibus,
766 1513 957 1592 privilegiis,

22 1604 262 1680 praeeminentiis,
281 1606 404 1666 iuribus
428 1606 642 1682 quovismodo
668 1607 704 1666 ad
729 1608 958 1668 cardinalatum

23 1699 224 1774 spectantibus,
248 1705 281 1760 et
301 1699 486 1776 praesertim
509 1700 595 1759 vocis
616 1700 739 1760 activae
761 1704 795 1760 at
816 1701 960 1778 passivae

21 1785 43 1844 in
60 1791 201 1854 eloctione
214 1795 335 1854 Summi
349 1793 513 1855 Pontificio
529 1792 654 1854 omnino
669 1793 837 1870 spoliatum
854 1812 890 1856 ac
904 1795 960 1853 de-

22 1881 161 1959 stitutum,
184 1887 374 1947 sacramenti
394 1886 637 1964 obligationibus
658 1888 795 1947 solutum
816 1888 958 1948 declara·

22 1989 84 2035 nus:
111 1979 156 2040 ita
184 1983 222 2038 ut
242 1978 429 2040 Vincentius
457 1979 560 2040 Maria
585 1981 622 2039 de
651 1978 803 2052 Altariis,
837 1979 959 2056 pridem

21 2065 87 2130 tu.
101 2074 135 2131 ll.
152 2070 331 2132 Oardinalis
358 2071 504 2132 diaconus
527 2072 625 2132 titulo
647 2073 680 2132 S.
698 2071 816 2132 Mariae
838 2073 870 2132 iu
897 2071 960 2132 Via

19 2157 89 2236 lata,
104 2164 247 2241 deinceps
268 2163 389 2224 censeri
410 2164 522 2225 debeat
542 2165 671 2241 perinde
692 2183 729 2228 ac
757 2166 810 2242 qui
836 2165 959 2226 diaconi

19 2253 114 2326 privati
139 2261 215 2317 sunt
241 2256 360 2316 censeri
382 2255 495 2316 solent.
520 2259 584 2318 Vos
611 2257 739 2334 itaque,
760 2257 959 2318 venerabiles

17 2343 135 2424 Fratres,
150 2369 186 2412 ac
210 2349 319 2410 dilecti
333 2348 412 2409 Filii
425 2349 547 2423 Nostri,
564 2369 604 2410 ex
618 2353 676 2412 hac
691 2351 741 2411 die
755 2351 956 2411 Vincentium

18 2439 125 2504 llariam
140 2445 177 2504 de
191 2442 340 2516 Alteriis,
357 2442 531 2517 diaconum,
548 2462 607 2503 non
622 2443 756 2520 amplius
769 2443 802 2502 in
825 2445 959 2521 collegio

19 2539 102 2597 restro
121 2538 338 2613 resonabilis,
355 2555 486 2616 eumque
509 2539 651 2598 omnibus
673 2537 854 2612 honoribus,
870 2555 961 2615 prae·

17 2630 147 2704 rogativis
161 2638 195 2693 et
217 2631 338 2692 iuribus
353 2633 390 2692 ad
413 2631 642 2693 cardinalatum
658 2632 767 2709 quovis
788 2633 879 2691 modo
892 2648 960 2707 spe-

17 2723 151 2785 ctantibus
173 2725 364 2786 destitutum
386 2742 514 2802 prorsus
536 2728 629 2802 atque
651 2725 819 2801 spoliatum
839 2722 959 2783 iudica·

17 2809 83 2874 bitis:
99 2818 144 2879 ita
158 2818 243 2879 enim
260 2819 297 2877 de
312 2816 508 2896 plenitudino
521 2818 690 2895 potestatis
704 2818 841 2879 Nostrae
853 2816 959 2875 decer·

17 2905 97 2978 limus
116 2915 212 2991 atque
233 2912 458 2990 praecipimus,
471 2912 620 2990 vobisque
641 2910 845 2988 apostolicam
867 2909 958 2967 bena-

16 2995 158 3068 dictionem
182 3006 397 3068 amantissime
419 3005 630 3082 impertimur.

59 3099 166 3162 Datum
189 3118 229 3160 ex
252 3100 376 3160 coenob.
403 3099 600 3160 carthusien.
628 3115 723 3175 prope
744 3092 957 3167 Florentiam,

16 3184 51 3244 die
69 3193 123 3253 Vll
151 3193 311 3270 Septemb.
335 3191 593 3265 Mucoxuvrrl,
622 3187 829 3251 Pontificatus
849 3186 959 3249 Nostri

16 3293 77 3342 anno
97 3286 215 3347 XXIV.
