2488 4204
47 353 134 412 animo
145 356 282 416 Nostrae
303 353 586 414 commendationes
608 355 642 412 et
654 350 774 426 landes,
789 371 868 430 qnae
881 371 918 413 eo
933 369 1000 416 ma·

45 448 113 507 rime
126 449 287 524 spectant,
301 449 337 506 nt
355 449 390 506 tu
402 445 503 524 magis
517 445 678 524 magisque
689 445 840 506 exciteris
853 447 892 507 ad
908 450 999 507 tuen-

43 542 100 599 dam
112 558 243 602 causam
255 540 476 612 humanitatis,
496 540 615 617 tibique
635 543 801 616 praeterea
814 531 998 617 pennarum

40 635 156 708 habeas,
167 636 306 696 Nostrae
327 634 360 694 in
374 635 508 710 Magnae
520 633 689 694 Bitanuiae
703 651 811 711 regem
824 633 997 711 illustrem,

38 732 66 787 at
84 730 114 788 in
136 729 296 806 inclytam
318 727 477 789 nationem
497 727 728 788 existimationi
749 727 788 788 ob
802 731 867 790 tam
882 729 1000 795 ommia

37 821 241 883 liberalitatis
273 823 459 899 argumenta
487 837 632 898 magnam
654 819 770 880 factam
790 823 998 884 accessionem

37 915 136 990 inisse,
157 913 265 976 veluti
286 913 398 976 melius
420 931 525 975 coram
547 912 723 974 declarabit
736 914 783 989 is,
797 914 852 993 qui
866 915 927 976 tibi
941 917 997 978 baa

36 1010 161 1070 Nostrae
182 1011 314 1070 litteras
336 1008 466 1082 reddet3
481 1005 594 1085 quique
616 1006 732 1080 Nobis,
754 1011 789 1068 et
808 1009 998 1086 apostolicae

37 1101 102 1160 Sodi
122 1102 270 1164 addictus
288 1104 350 1175 est,
375 1105 408 1161 et
429 1118 624 1160 communem
644 1105 749 1162 tecum
771 1103 929 1164 nationem
944 1104 999 1165 ba·

38 1194 102 1255 berc
115 1197 345 1274 quodammodo
361 1195 529 1274 gloriatur.
543 1194 674 1254 Interim
688 1194 747 1255 tibi
760 1215 780 1257 a
793 1197 856 1256 Deo
870 1197 997 1275 Optimo

37 1289 270 1354 Maximobona
291 1288 394 1348 omnia
414 1305 455 1348 ex
474 1287 579 1348 animo
598 1289 816 1365 adprecamur.

90 1387 207 1446 Datum
231 1387 366 1456 Romae,
390 1383 439 1442 die
465 1383 525 1442 Vll
550 1381 746 1458 Septembris
767 1383 977 1446 Mmcxcm
988 1428 996 1459 ,

41 1475 246 1538 pontificatus
265 1474 376 1538 Nostri
397 1491 478 1535 anno
498 1474 586 1536 xlx.

465 1681 562 1740 xu.

413 1805 518 1850 nonmr
542 1807 617 1851 vrso

323 1951 520 2012 monnau
541 1951 706 2012 srnnsr

247 2128 282 2204 Ρ
299 2127 374 2208 lU
393 2126 419 2205 S
471 2126 505 2204 P
523 2127 559 2203 A
578 2129 611 2204 Ρ
630 2125 665 2203 Α
714 2127 781 2206 VI.

306 2317 446 2378 Nubilis
465 2319 542 2390 Vir,
564 2318 730 2380 euntem.

91 2506 149 2568 Ubi
181 2505 316 2567 dilectus
343 2505 430 2567 filins
458 2507 589 2568 Carolus
621 2505 757 2568 Erskine
785 2507 914 2568 ineunte
943 2525 1000 2568 an-

44 2615 76 2657 no
96 2602 187 2675 1792,
207 2600 347 2662 reddidit
359 2601 457 2664 Nobis
478 2605 550 2661 tuas
564 2600 705 2677 litteras,
720 2602 831 2679 quibus
846 2601 999 2662 nobilium

44 2693 72 2750 et
87 2694 286 2773 egregiorum
308 2693 450 2754 virorum
472 2694 608 2768 nomine,
624 2694 678 2772 qui
691 2697 798 2755 Museo
813 2696 998 2756 Britanniae

47 2793 196 2862 praesunt,
216 2787 296 2848 dono
317 2787 432 2848 misisti
454 2789 515 2846 duo
537 2787 721 2856 volumina,
746 2789 777 2848 in
800 2789 911 2866 quibus
932 2790 999 2849 eius

47 2876 134 2940 Musei
155 2881 318 2958 catalogus
338 2882 541 2955 continetur,
565 2898 620 2942 nec
643 2899 705 2942 non
726 2885 760 2941 et
779 2882 843 2942 alia
863 2885 923 2941 dno
946 2899 1000 2941 vo-

47 2966 152 3036 lumina
174 2992 229 3034 suo
249 2971 347 3052 ipsius
369 2972 494 3034 nomine
521 2991 601 3051 quae
622 2974 802 3053 catalogum
823 2973 1001 3033 manuscri-

46 3065 157 3138 ptorum
179 3067 360 3142 continent,
383 3067 537 3128 eidemin
559 3068 715 3129 mandetis
736 3067 938 3140 dederamus,
962 3069 1000 3128 nt

46 3155 158 3221 Nostris
169 3161 244 3233 tibi,
261 3165 294 3222 et
314 3161 452 3240 egregiis
473 3162 545 3222 istis
567 3161 763 3240 praesidibus
783 3179 875 3240 quam
896 3161 999 3244 maxi·

47 3264 102 3312 uas
121 3255 241 3332 gratiss
254 3257 452 3332 rependeret.
467 3256 559 3317 Nunc
579 3257 687 3314 autem
708 3272 778 3314 enm
794 3255 896 3316 dictus
910 3270 1001 3331 prae·

49 3344 89 3402 sul
107 3348 224 3407 amicus
238 3351 330 3420 tuus,
346 3365 381 3407 ao
403 3365 443 3406 ex
462 3348 570 3408 eadem
592 3347 721 3407 natione
743 3347 895 3410 oriundus
918 3349 1000 3409 istnc

48 3438 267 3514 proficiscatur,
293 3441 384 3501 valde
407 3444 616 3516 opportunum
633 3440 731 3502 Nobis
753 3441 856 3500 visum
877 3445 927 3502 est
941 3443 999 3503 has

49 3529 78 3586 td
97 3534 125 3591 te
152 3534 279 3594 litteras
308 3535 402 3607 darc,
422 3551 501 3611 quae
521 3533 674 3593 Nostrum
702 3532 735 3592 in
757 3535 898 3595 teatin
921 3534 999 3595 istos
1126 3579 1130 3588 .

882 3641 899 3675 *
