2424 4196
607 179 645 192 -
669 146 786 226 ror-

620 294 770 351 xxxi.

522 413 651 460 strnue
670 414 866 460 Pannonium

392 543 675 605 FAOULTATUM
696 545 997 606 OONGESSARUM

597 679 620 724 Δ
637 679 682 726 SS.
700 679 730 724 D.
748 677 780 726 N.

520 803 603 883 ΡΙΟ
630 804 776 883 ΡΑΡΑ
803 805 870 882 VI.

211 958 488 1039 Arcbicpiscopis,
516 963 701 1041 Episcopis,
729 982 767 1025 uc
794 963 995 1024 Dioccosibus
1022 961 1168 1022 Admitti·
1197 975 1198 1052 t

271 1057 466 1116 stratoribus
480 1057 590 1134 Requi
607 1057 804 1131 Galliarum,
821 1075 878 1119 uec
893 1076 960 1118 uou
981 1057 1167 1118 Aoauiouiu

274 1157 305 1208 ct
326 1147 507 1210 Comitatus
532 1151 721 1224 chuisiui,
745 1152 948 1224 Soboudioe,
977 1153 1167 1226 aliorumque
1197 1211 1198 1230 χ

275 1243 425 1316 locorum,
443 1261 527 1322 quoe
544 1248 766 1322 persecutioni
787 1254 865 1305 suut
885 1247 1039 1305 odronto.
1195 1317 1198 1364 4

272 1390 349 1450 (lum
364 1396 568 1466 perseverent
582 1393 682 1451 adhuc
697 1391 838 1451 infelices
853 1391 1115 1451 circumstantiae
1129 1407 1168 1448 re
1196 1382 1198 1432 i

215 1480 269 1559 gni
284 1482 472 1557 Galliarum,
487 1485 674 1558 Avenionis,
687 1485 858 1546 comitatus
873 1483 1052 1556 Venaisini,
1065 1484 1167 1544 Sebau·
1196 1507 1198 1528 i

215 1576 296 1649 diae,
319 1578 514 1656 aliorumque
536 1581 631 1642 etiam
654 1582 809 1656 locorum,
826 1583 857 1641 iu
879 1579 992 1658 quibus
1009 1580 1116 1640 fideles
1136 1579 1169 1637 le·

216 1670 337 1748 gitimis
357 1672 544 1754 pastoribus
567 1675 806 1750 destituuntur,
830 1693 886 1736 nec
914 1679 1048 1752 possunt
1069 1674 1169 1749 absque
1196 1685 1201 1764 s

215 1765 308 1841 gravi
330 1765 511 1826 discrimine
539 1772 573 1827 et
594 1768 787 1836 incommodo
815 1768 902 1829 adire
924 1770 1004 1828 hanc
1032 1765 1169 1844 apostoli·
1197 1787 1201 1840 ῃ

216 1875 282 1918 cam
305 1859 428 1932 Sedam3
451 1860 676 1922 sanctissimus
697 1862 846 1923 Dominus
862 1863 992 1932 Noster,
1007 1861 1097 1920 cuius
1112 1861 1171 1918 ocni
1195 1861 1201 1944 ,ᾗ

216 1953 257 2014 lis
278 1954 418 2030 quotidie
440 1954 649 2016 obversantur
668 1974 743 2016 oves
765 1957 799 2014 et
819 1954 893 2033 agni
915 1971 987 2014 suae
1018 1954 1169 2014 universa·
1195 1947 1201 2031 ᾖ

215 2045 241 2107 li
263 2047 470 2108 sollicitudini
491 2053 526 2109 et
552 2037 646 2110 curae
667 2049 852 2121 concrediti,
867 2049 981 2125 quique
1002 2048 1168 2108 indesinen·
1194 2044 1201 2104 l

216 2145 268 2200 ter
289 2140 448 2218 particeps
470 2144 519 2200 est
540 2140 758 2201 calamitatum
781 2141 923 2212 illorum,
945 2141 1109 2200 consulere
1128 2155 1169 2197 vu·

216 2233 285 2294 lens
300 2233 519 2310 spiritualibus
528 2252 635 2294 eorum
645 2235 885 2294 necessitatibus
896 2253 932 2294 eo
946 2234 1072 2294 meliori
1081 2235 1166 2300 modo,

216 2344 276 2404 quo
297 2326 367 2386 fieri
390 2329 510 2402 potest,
535 2344 616 2385 novo
639 2328 695 2387 hoc
717 2329 843 2388 Indulto
865 2327 1009 2387 coneedit
1031 2324 1167 2404 praelatis

217 2418 473 2497 archiepiscopis,
489 2420 660 2498 episcopis,
681 2425 715 2482 et
737 2421 923 2481 dioecesium
945 2421 1168 2482 administrato

217 2514 306 2576 ribus
328 2514 579 2592 prorogationem
602 2515 739 2575 omnium
754 2513 1015 2592 singularumque
1037 2519 1167 2575 extraor-

218 2607 412 2668 dinariarum
428 2608 618 2669 facultatum
635 2609 672 2668 ad
688 2609 786 2668 alium
808 2627 937 2682 annum,
954 2627 982 2668 a
994 2609 1044 2668 die
1059 2608 1168 2685 expira-

219 2702 315 2762 tionis
336 2703 506 2764 cniuslibet
526 2703 646 2765 Indulti
667 2704 890 2780 incipiendum,
913 2702 940 2762 si
962 2704 1085 2765 tamdiu
1107 2709 1168 2763 teu·

220 2813 326 2874 porum
344 2796 509 2858 calamitas
528 2798 762 2876 perduraverit,
783 2797 893 2858 iisdem
912 2796 1037 2874 legibus
1058 2799 1092 2857 et
1113 2811 1167 2856 con·

219 2890 405 2966 ditionibus,
424 2910 503 2969 quae
522 2891 680 2970 prioribus
702 2891 838 2951 Indultis
860 2891 1075 2968 praescriptae
1096 2889 1166 2954 sunt,

219 3001 357 3064 quaeque
374 2985 503 3046 fuerunt
516 2985 695 3044 declaratae
715 2984 747 3042 in
771 2983 993 3060 prorogatione
1011 2984 1062 3043 die
1081 2983 1112 3042 X
1126 2983 1167 3040 Dr·

220 3079 354 3141 cambris
375 3081 568 3142 MDGGXCII
579 3072 637 3157 (1).

280 3176 393 3233 Datum
415 3188 455 3231 ex
482 3171 620 3232 Aedibus
643 3169 804 3230 Vaticanis
832 3170 881 3229 die
909 3171 980 3229 XV.
1004 3161 1167 3229 Decembri!

220 3266 425 3327 Muocxon.

683 3343 722 3403 F.
740 3345 780 3404 X.
799 3341 896 3403 Gurd.
912 3344 951 3403 ds
964 3342 1100 3404 Zelada.

283 3461 324 3515 (r)
340 3462 368 3507 r.
386 3463 406 3508 1.
424 3473 481 3520 pag.
500 3461 555 3508 soe.
