2430 4202
626 262 664 276 -
685 233 747 293 274
772 263 805 278 -

236 344 270 404 et
289 338 369 401 alias
383 337 457 398 aliis
477 337 601 399 additas
623 356 778 416 superque
791 339 969 401 cumulatas
981 342 1162 399 aerumnasst

234 432 437 496 calamitates
457 432 646 506 describere,
661 436 758 509 ablue
778 433 811 492 in
833 451 928 494 aures
941 433 1069 493 aliorum
1087 430 1164 508 possit

123 541 124 545 ’
236 526 423 598 immitter03
436 525 622 602 praesertim
633 542 730 602 quum
744 525 951 586 conferendae
965 525 1029 586 sint
1040 541 1102 584 cum
1114 527 1165 584 tota

235 619 295 682 illa
316 618 484 697 patientie,
507 619 673 691 firmitate,
696 619 878 693 alacritate,
899 620 1083 692 constantia,
1095 635 1164 694 quam

237 716 391 790 augustus
405 713 508 772 Senex
530 730 590 771 non
612 717 677 774 tam
699 713 806 773 verbis
827 713 965 790 (namet
984 715 1041 774 hoc
1059 711 1164 772 virtutis

237 811 271 868 et
291 805 464 867 modestiae
484 805 565 884 tuit)
586 819 679 884 quam
706 807 792 867 omni
818 805 941 884 reliquo
971 810 1078 868 decoro
1101 809 1165 866 statu

237 900 389 977 corporis,
405 905 440 959 et
460 911 561 977 gestu,
577 903 611 960 et
624 907 716 974 nutu,
731 905 766 961 et
786 903 855 977 ipsa
876 902 1047 963 venerandi
1067 900 1166 960 crisse-

236 995 375 1054 reuitate
395 1011 431 1053 ac
451 993 617 1054 maiestate
631 994 827 1055 declarabant
841 996 1010 1070 Trahitur,
1023 999 1166 1054 monstran-

237 1093 270 1148 te
284 1087 370 1148 viam
391 1086 506 1148 immiti
527 1105 563 1147 ac
584 1087 721 1149 barbaro
742 1087 857 1160 milite,
873 1088 977 1148 maior
999 1085 1164 1166 octogenario

237 1183 433 1243 venerandus
454 1180 575 1241 Senex:
597 1188 633 1242 et
652 1183 708 1259 qui
727 1183 785 1241 vix
806 1183 888 1242 domi
908 1183 995 1260 Suae
1016 1184 1068 1243 vel
1085 1181 1164 1241 sedens

237 1278 290 1338 vel
305 1276 409 1336 iacens
431 1275 590 1335 tantulum
609 1277 688 1352 quod
710 1274 796 1336 vitae
811 1282 993 1352 superesset
1007 1279 1110 1336 ducere
1120 1273 1165 1333 sine

236 1369 376 1448 periculo
391 1367 501 1444 possit,
516 1368 653 1428 brumali
672 1372 811 1444 tempore
825 1386 919 1445 quum
934 1369 1011 1446 gelu
1024 1373 1058 1429 et
1069 1365 1166 1444 frigoris

237 1462 271 1521 vi
285 1460 388 1521 omnia
408 1459 460 1520 vel
482 1459 645 1520 intereunt
666 1461 719 1520 vel
740 1461 788 1520 ita
808 1461 963 1522 labefinnt
979 1467 1017 1522 ut
1031 1461 1165 1521 videantur

235 1554 418 1626 interiisse,
441 1569 590 1629 superare
612 1554 769 1632 Apennini
794 1555 868 1632 iuga
888 1553 1039 1632 cogitur,
1060 1572 1126 1632 quae
1141 1569 1166 1610 ne

235 1648 302 1725 ipse
323 1646 447 1724 quidem
475 1646 608 1706 immitis
635 1653 669 1706 et
689 1646 842 1707 barbarus
869 1647 1013 1708 libenter
1034 1649 1167 1725 superaret

235 1739 338 1813 miles,
355 1739 415 1798 nisi
436 1737 507 1799 sitis
528 1739 729 1800 interimendi
751 1741 921 1800 venerandi
942 1742 1038 1802 Senis
1057 1740 1167 1819 impelle·

235 1835 297 1893 ret.
313 1833 344 1892 It
358 1829 508 1891 Pontifex
530 1831 702 1910 tranquillo
723 1833 904 1910 excelsoque
922 1834 1029 1894 auimo
1044 1837 1089 1895 soi
1107 1850 1168 1893 secu·

235 1945 302 2000 rus,
318 1943 444 1986 suorum
466 1924 578 1985 salutis
600 1924 770 1999 sollicitos;
786 1925 986 2003 miraturque
1002 1928 1089 1988 miles
1106 1945 1168 1986 seco·

235 2021 335 2082 ritate
354 2037 390 2079 ac
411 2017 606 2096 negligentia
626 2019 714 2078 vires
735 2009 818 2078 Seni'
829 2037 988 2080 cresceret
1006 2027 1041 2082 et
1054 2022 1103 2099 qui
1120 2037 1168 2096 spe·

235 2114 329 2176 rabat
348 2111 485 2172 extincti
506 2112 642 2171 cadaver
657 2112 781 2200 occulte
801 2109 886 2172 inter
906 2121 1032 2174 montes
1053 2111 1170 2192 ignobili·

236 2225 295 2286 que
310 2208 395 2268 valle
410 2211 467 2267 aut
486 2206 570 2266 fossa
583 2223 673 2283 posse
688 2206 843 2279 deserer03
856 2205 996 2268 miratur
1008 2229 1041 2270 se
1052 2211 1087 2270 ad
1098 2210 1169 2268 Suu

234 2300 412 2360 robustiore
440 2316 531 2376 quam
553 2302 626 2358 ante
651 2297 807 2358 Pontifice
834 2299 1031 2376 pervenisse.
1048 2303 1119 2371 Quid
1136 2300 1169 2361 ia·

235 2392 314 2453 cisti
327 2393 391 2454 Nec
412 2379 502 2451 enim⁸
516 2395 672 2452 temerare
690 2394 822 2451 cruento
837 2392 1012 2469 parricidio
1027 2397 1169 2456 sceleratas

235 2503 364 2558 manus,
386 2485 448 2545 etsi
476 2484 611 2544 mammo
640 2489 788 2561 cuperet,
810 2485 999 2564 iubebatur3
1022 2494 1056 2550 et
1074 2490 1129 2550 iam
1145 2504 1170 2545 eo

235 2577 362 2638 itineris
384 2595 561 2656 processum
583 2586 665 2650 erat,
679 2581 716 2638 ut
736 2578 832 2638 Senes
846 2579 1086 2657 ingrediendum
1099 2584 1169 2642 esset

236 2672 436 2750 Ingreditur3
452 2675 486 2732 et
507 2691 560 2749 spe
581 2675 685 2749 capta,
704 2671 773 2731 fore
794 2675 830 2732 ut
851 2675 949 2748 senio,
966 2691 1171 2750 aerumnaru-

236 2765 396 2845 gritudine
418 2764 577 2826 confectus
598 2763 689 2825 brevi
711 2765 850 2840 occidat,
872 2785 1045 2846 parumper
1065 2767 1169 2830 deserit.

235 2862 345 2935 Pater,
359 2859 413 2937 qui
427 2876 504 2937 quos
517 2859 622 2919 exitus
636 2858 846 2919 moestissima
860 2862 1025 2938 tragoedia
1045 2867 1122 2925 esset
1132 2861 1171 2920 bs·

235 2954 344 3016 bitura
363 2970 478 3031 magno
500 2952 629 3014 videbat
649 2952 764 3026 auimo,
781 2953 897 3030 maiore
917 2957 1171 3034 prospiciebatur

234 3050 307 3129 quid
324 3049 362 3112 ab
384 3047 473 3108 exitu
494 3047 702 3108 moestissimo
718 3046 860 3108 Ecclesia
873 3047 1060 3113 detrimenti
1074 3054 1172 3129 patere·

236 3147 301 3204 tur.
318 3144 428 3219 Itaque
449 3144 482 3201 et
503 3158 615 3201 curare
636 3139 750 3201 anxios
769 3141 969 3218 Apostolicae
990 3139 1171 3204 auctoritatis

234 3235 487 3313 elargitiouibus,
501 3239 538 3296 ut
554 3253 593 3294 ne
607 3233 680 3311 quid
695 3234 818 3294 interea
831 3234 911 3294 viris
923 3236 1092 3298 Catholicis
1104 3236 1172 3294 dees·

234 3332 296 3400 set,
313 3333 345 3388 et
367 3328 585 3406 propagandae
601 3328 824 3389 sacrosanctae
842 3328 932 3388 Fidei
954 3331 1058 3390 studio
1072 3328 1172 3388 indam·

234 3421 338 3479 matus
359 3421 446 3484 nihil,
461 3419 562 3498 magis
582 3437 707 3497 cupere,
723 3437 816 3498 quam
837 3424 873 3480 ut
894 3422 1127 3483 Sanctissimum
1143 3417 1170 3475 ds

235 3513 442 3590 Propaganda
452 3513 531 3573 Fide
544 3512 727 3575 institutum
740 3515 857 3576 Romae
870 3514 934 3576 iam
948 3515 1089 3576 funditus
1098 3525 1172 3574 ever·
