2426 4192
607 184 727 248 -202
751 217 788 230 -

218 293 380 371 sauguinis
393 292 585 365 effusionem,
598 293 761 352 hortamur
776 296 842 353 tum
857 293 1009 370 singulos,
1025 295 1088 352 tum
1101 290 1157 348 uni·

218 405 337 459 versos,
352 389 389 446 ut
402 386 434 444 in
450 389 539 446 tanto
560 386 758 447 Christianae
771 387 951 464 Religionis
962 383 1158 462 periculopri·

219 479 303 539 vatis
323 479 498 539 rationibus
512 479 570 540 Dei
591 478 710 557 gloriae
725 483 758 540 et
772 479 928 539 Ecclesiae
951 476 1157 554 tranquillitati

219 572 420 651 postpositis,
443 573 613 632 libentibus
633 576 667 632 et
687 574 890 633 concordibus
913 572 1025 633 animis
1046 573 1077 630 in
1095 571 1159 628 hanc

220 684 313 726 unam
335 683 442 725 curam
464 667 647 727 incumbant
666 671 703 727 ut
725 686 763 726 ne
784 667 916 727 nimium
937 666 990 726 diu
1010 665 1095 724 Petri
1113 681 1159 722 na·
1198 673 1199 696 ³

220 760 337 833 ricula,
353 760 452 820 tantis
474 762 713 837 tempestatibus
727 762 862 838 agitata,
884 763 1008 820 rectore
1021 763 1055 819 et
1069 757 1159 836 guber

220 857 332 914 natore
352 854 507 914 destituta
527 855 680 914 fluctuare
694 859 841 932 cogatur,
856 873 894 914 ne
915 853 1086 914 catholicus
1098 868 1160 928 grex

222 948 406 1021 universus,
430 950 480 1007 tot
500 948 582 1024 lupis
604 949 637 1007 in
665 951 772 1009 ovium
794 951 941 1027 praedam
970 949 1158 1021 undecumque
1199 969 1200 980 2

222 1040 428 1114 irruentibus,
444 1058 500 1118 per
514 1041 642 1118 privata
662 1046 767 1104 studia
789 1049 913 1122 pastore
934 1047 968 1103 et
985 1041 1106 1103 custode
1118 1053 1160 1097 suo

222 1138 339 1200 careat,
357 1154 449 1213 aquo
463 1137 586 1196 servari
607 1140 640 1196 et
660 1139 784 1198 defendi
803 1141 913 1216 possit:
935 1140 1017 1202 illud
1040 1136 1096 1197 sibi
1108 1147 1161 1210 per·

222 1228 406 1297 suadentes,
429 1247 461 1288 se
483 1229 625 1305 quamvis
651 1235 701 1291 tot
729 1234 853 1310 tamque
880 1233 1004 1294 acerbis
1024 1224 1161 1290 aerumnis
1200 1253 1201 1256 ¹

221 1339 277 1398 pro
297 1321 425 1382 Christo
447 1322 479 1380 io
501 1323 584 1382 omni
612 1325 768 1402 patientia
788 1330 822 1386 et
842 1325 1076 1386 mausuetudine
1098 1321 1160 1381 tole-

222 1414 303 1474 ratis
315 1416 407 1475 fidem
422 1433 509 1476 suam
523 1420 615 1478 tauta
629 1436 698 1478 cum
713 1421 817 1497 gloria
831 1421 999 1498 probarint
1012 1415 1160 1483 Ecclesiae,

222 1507 311 1568 nulla
326 1511 429 1568 tamen
450 1509 523 1569 fidei
545 1530 617 1571 suae
632 1512 664 1570 in
683 1531 751 1572 eam
765 1513 977 1574 luculentiora
999 1513 1162 1571 documenta

223 1619 289 1660 esse
312 1603 452 1675 daturos,
464 1621 554 1679 quam
576 1604 605 1663 si
625 1607 825 1666 concordibus
847 1607 960 1668 studiis
981 1606 1012 1665 in
1030 1601 1161 1665 Pontidia

222 1694 372 1755 celeriter
393 1695 537 1772 eligendo
562 1697 641 1758 illud
670 1701 866 1760 ostenderint
887 1719 919 1759 se
940 1717 1071 1770 revera,
1092 1693 1161 1754 nulla
1202 1743 1203 1768 ,

222 1787 421 1864 propriorum
442 1793 670 1851 commodorum
691 1793 813 1854 ratione
828 1794 948 1867 habita,
964 1793 1064 1852 solum
1076 1786 1163 1850 Eeclc·

224 1880 287 1940 siae
309 1883 549 1958 tranquillitati,
572 1886 739 1948 christiani
760 1889 866 1965 gregis
886 1886 997 1959 saluti,
1020 1885 1162 1945 orbister·

223 1990 331 2034 rarum
353 1975 494 2034 universi
515 1979 665 2053 perieulis
686 1981 864 2057 prospicere
886 1980 1049 2040 statuisse.

283 2070 492 2129 Decerneutes
514 2076 695 2147 praesentes
716 2073 843 2135 litteras
857 2078 919 2134 eto.

283 2162 352 2221 Nou
367 2164 577 2237 obstantibus,
591 2171 745 2242 quatenus
764 2186 839 2245 opus
852 2169 906 2238 sit,
921 2166 1051 2228 Nostris
1062 2168 1092 2225 et
1103 2164 1164 2223 Gau·

225 2253 372 2315 cellariae
392 2259 590 2335 Apostolicae
614 2262 734 2338 regulis
749 2263 787 2322 de
803 2265 873 2322 iure
887 2264 1036 2339 quaesito
1047 2276 1107 2318 aon
1118 2257 1164 2314 tot·
1204 2293 1205 2308 Ι

226 2348 340 2420 lende,
365 2369 400 2410 ao
422 2357 487 2411 tam
508 2354 682 2415 Alexandri
703 2357 766 2428 ΙΙΙ,
789 2375 879 2433 quam
909 2355 1056 2432 Gregorii
1080 2355 1121 2422 X,
1139 2351 1164 2406 et

225 2438 396 2503 Olementis
416 2446 457 2518 V,
473 2465 508 2506 ac
530 2447 581 2506 Pii
595 2449 651 2521 IV,
667 2448 863 2526 aliorumque
878 2452 1089 2510 Romanorum
1102 2447 1165 2503 Pon·

225 2531 346 2593 tilicum
379 2533 649 2614 praedecessorum
669 2543 858 2603 Nostrorum
888 2541 973 2601 cirea
1002 2540 1163 2601 electionem
1204 2567 1205 2574 κ

226 2624 351 2693 Summi
372 2632 534 2693 Pontificis
562 2635 714 2695 haetenus
739 2636 834 2694 editis
854 2633 1121 2696 constitutionibus
1138 2627 1164 2684 et
1204 2637 1205 2640 ’

226 2725 477 2787 ordinationibus
498 2727 741 2805 quibuscumque
763 2731 825 2789 etc.

286 2819 438 2880 Volumus
465 2821 595 2898 insuper
623 2825 684 2882 ete.
711 2824 802 2884 Nulli
830 2841 906 2900 ergo
933 2822 1060 2882 omnino
1087 2811 1164 2877 homi·

227 2932 300 2974 num
322 2917 382 2974 eto.

286 3010 400 3068 Datum
422 3025 461 3068 ex
482 3008 630 3067 coenobio
651 3009 928 3070 carthusianorum
951 3026 1045 3087 prope
1056 3007 1164 3068 Floron-

226 3099 316 3172 tiam,
339 3118 418 3160 anuo
439 3100 670 3161 Incarnationis
690 3101 867 3161 Dominicae
887 3102 1060 3173 MDOOIIO,
1080 3095 1163 3156 idibus

225 3194 380 3254 Novemb.
397 3194 604 3255 pontificatus
624 3194 736 3254 Nostri
757 3213 837 3256 anno
857 3195 974 3255 XXIV.

666 3420 755 3441 um·-
