2488 4204
216 272 392 350 symbolum
420 271 641 348 Apostolorum
670 271 894 344 recitaverint,
921 290 957 332 ac
982 272 1112 332 devotas
1142 271 1179 331 ad

216 368 312 426 Deum
334 383 441 443 preces
463 364 632 425 effoderint
654 384 710 443 pro
731 368 763 428 S.
781 366 896 428 Matris
915 365 1073 427 Ecclesiae
1095 365 1182 424 exal·

217 459 349 532 tatione,
373 459 467 518 toties
488 459 720 536 indulgentiam
735 464 853 538 septem
876 477 1029 520 annornm
1050 463 1084 518 et
1105 458 1183 519 toti-

216 553 285 613 dem
306 553 594 630 quadragenarum,
609 571 645 612 eo
665 571 740 614 vero
756 553 805 614 dle
827 573 888 632 qno
909 554 1020 615 iisdem
1035 552 1180 630 precibus

216 646 360 706 recitatis
388 649 583 706 sacramento
607 647 827 708 Poeuitentiae
848 666 880 708 se
896 645 1125 725 purgaverint,
1148 650 1181 705 et

217 738 435 799 Eucharistiae
463 744 657 801 sacramento
679 759 711 801 se
739 741 920 816 refecerint,
945 738 1179 817 indulgentiam

216 831 389 909 plenariam
416 851 455 891 ex
483 833 641 894 Ecclesiae
671 836 820 896 thesauro
849 836 1090 912 consequantur.
1115 834 1180 892 Hoc

216 930 320 988 autem
342 927 499 986 indultum
520 944 577 1003 per
591 928 768 1004 legitimum
789 929 974 1006 Episcopum
995 925 1177 1012 Neomausi,

216 1021 267 1082 vel
290 1037 345 1097 per
365 1019 500 1096 aliquem
523 1037 562 1078 ex
584 1019 650 1080 eius
672 1020 800 1080 vicariis
822 1019 1071 1080 communionem
1091 1018 1178 1078 Sedis

125 1114 127 1120 ’
216 1113 417 1192 Apostolioae
442 1112 628 1173 habentibus
653 1114 748 1174 iussit
771 1113 990 1192 exsequntioni
1015 1111 1177 1181 mandari,

217 1228 272 1269 nec
288 1207 380 1276 alias,
395 1225 450 1266 nec
464 1207 527 1268 alio
550 1209 652 1280 modo,
668 1225 704 1268 ac
717 1225 774 1285 per
788 1226 903 1268 anunm
919 1213 1043 1268 tantum
1057 1207 1177 1268 velere.

277 1303 442 1362 Gaudeant
463 1301 563 1379 igitur
585 1304 619 1361 et
639 1302 789 1362 fruantur
809 1302 916 1362 fideles
936 1301 1178 1363 Nemausiensee

217 1395 379 1473 spirituali
405 1395 462 1455 hoc
490 1395 675 1456 meritorum
696 1397 765 1455 Iesu
789 1395 912 1456 ,christi
934 1413 969 1454 ac
990 1397 1176 1455 Sanctorum

214 1491 281 1550 eius
303 1488 471 1566 praesidio,
488 1479 523 1549 ac
538 1489 716 1566 recogitent
734 1489 857 1566 qualem
872 1490 941 1566 Ipse
955 1488 1028 1547 fidei
1041 1488 1177 1548 Nostrae

216 1588 326 1644 auctor
358 1583 510 1643 sustinuit
530 1601 549 1641 a
569 1584 785 1659 peccatoribus
813 1583 1115 1654 contradictionem,
1142 1599 1176 1640 ne

216 1679 318 1736 animo
333 1676 497 1750 deficiant3
515 1678 566 1735 sed
583 1679 670 1736 scuto
691 1677 775 1750 fidei,
787 1676 888 1737 lorica
902 1675 980 1754 spei,
997 1679 1178 1754 tegumento

215 1770 382 1830 charitatis
404 1768 508 1830 induti
531 1787 586 1847 per
611 1771 796 1847 patientiam
824 1775 958 1830 currant
978 1773 1016 1830 ad
1038 1769 1177 1847 proposi-

215 1869 280 1924 tum
304 1861 360 1922 sibi
384 1868 554 1924 certamen.
571 1866 685 1924 Potens
707 1869 757 1924 est
777 1865 860 1924 euim
874 1867 956 1925 Dens
968 1881 1089 1922 omnem
1106 1881 1177 1939 gra·

215 1957 294 2016 tiam
316 1957 474 2017 abundare
495 1957 599 2017 iacere
619 1957 651 2016 in
674 1959 774 2031 nobis,
791 1959 816 2018 si
833 1958 933 2018 enixis
955 1957 1097 2034 precibus
1111 1957 1176 2014 eins

215 2049 464 2109 misericordiam
480 2050 694 2127 imploremus,
711 2056 748 2111 ut
762 2070 817 2110 nec
831 2070 885 2111 nos
906 2052 1031 2110 deserat
1052 2050 1084 2109 in
1100 2054 1177 2108 tem·
1228 2063 1229 2089 ¹

216 2161 291 2218 pore
305 2143 398 2214 malo,
415 2162 471 2202 nec
492 2144 691 2204 adversarios
712 2149 836 2205 nostros
858 2148 1004 2204 conterat
1018 2143 1049 2201 in
1065 2143 1115 2201 die
1130 2144 1175 2201 iu·
1227 2145 1228 2171 ¹

214 2235 406 2318 dignationis
435 2254 526 2310 snae3
549 2241 600 2298 sed
623 2238 727 2314 potius
756 2238 906 2315 respiciat
926 2238 958 2297 iu
979 2235 1173 2313 beneplacito

214 2345 288 2400 suo,
312 2331 345 2388 et
365 2332 533 2389 convertat
559 2348 578 2389 a
606 2330 666 2390 viis
695 2331 759 2390 suis
786 2330 948 2408 pessimis,
972 2333 1008 2390 ut
1035 2347 1097 2388 uuo
1124 2345 1174 2387 ore
1224 2367 1225 2418 p

214 2439 319 2481 omnes
330 2421 541 2499 glorificemus
552 2423 716 2484 Dominum
726 2426 878 2486 Nostrum
890 2425 989 2483 lesum
1001 2423 1172 2491 Christum,
1223 2445 1224 2502 p

214 2514 268 2592 qui
289 2514 365 2574 fecit
386 2515 544 2574 nobiscum
566 2516 814 2576 misericordiam
835 2533 933 2575 suam.

274 2609 386 2667 Datum
400 2611 517 2670 Romae
530 2627 569 2669 ex
584 2611 721 2669 Aedibus
736 2612 768 2670 S.
782 2611 816 2671 O.
830 2609 868 2668 de
883 2609 1089 2686 Propagande
1099 2607 1173 2669 Fide
1221 2597 1222 2666 l

207 2698 264 2758 die
285 2702 330 2760 IX
351 2701 462 2762 Martii
483 2704 702 2764 MDGCXGIII.

580 2902 618 2961 L.
635 2901 726 2962 Oard.
743 2904 959 2962 Ausonunnus
979 2903 1093 2980 Pracs.
