2430 4202
391 317 589 407 INDEX

262 521 722 593 muonunnmnu.

196 737 277 786 Quis
298 738 355 782 noc
375 737 539 782 venumda
560 735 785 782 OONTINENTUR

26 1163 91 1225 1793
108 1165 151 1225 26
172 1164 311 1224 Ianuarii
324 1196 341 1210 -
354 1168 514 1236 Epistula
533 1165 734 1235 Eucyclice,
755 1181 817 1240 qna
837 1180 889 1241 ge-

111 1256 230 1318 neralis
257 1273 366 1316 norma
386 1274 443 1334 per
465 1274 586 1316 omnem
615 1256 740 1317 Statum
761 1257 894 1317 Pontii-

109 1350 194 1409 cium
214 1350 348 1410 edicitur
369 1351 575 1422 observanda,
597 1349 699 1410 relata
720 1349 759 1409 ad
774 1354 890 1412 Eccle-

109 1428 274 1505 siastioc's
293 1447 425 1515 Ganos,
447 1447 513 1503 tam
535 1444 712 1504 saeculares
733 1461 824 1521 quam
840 1462 892 1504 re-

110 1537 252 1614 gulares,
274 1541 336 1607 qui
356 1551 397 1596 eu
418 1539 667 1606 emigrarunt.
712 1580 720 1595 .
765 1580 772 1595 .
806 1552 886 1614 pop.
952 1538 968 1598 1

57 1647 73 1688 s
110 1631 131 1691 9
150 1630 264 1691 Martii
276 1663 291 1676 -
305 1630 506 1706 Rescriptum
528 1629 561 1688 S.
584 1630 618 1689 0.
636 1627 674 1686 de
688 1630 782 1706 Prop.
798 1629 890 1702 Fide,

111 1743 173 1802 quo
195 1725 340 1784 Summus
359 1722 509 1784 Pontifex
522 1725 703 1783 Fidelibuu
718 1724 890 1783 dioecesis
962 1763 965 1770 -

108 1820 371 1879 Nemausiensis
390 1819 494 1878 certus
507 1835 615 1894 preces
630 1817 741 1876 devote
756 1816 893 1892 recitan-

110 1911 393 1971 tibusconceditad
408 1929 523 1971 annum
539 1908 753 1987 indulgentias
767 1912 828 1968 etc.
872 1925 891 1968 a
951 1908 972 1968 9

57 2020 74 2060 a
90 2003 130 2066 20
143 2005 266 2082 Aprilis
279 2035 295 2050 -
313 2005 412 2067 Valde
425 2004 613 2083 pandemus.
630 2002 778 2063 Praetori
792 2005 826 2061 et
836 2002 891 2061 Se-

111 2097 203 2157 natui
225 2098 296 2175 pagi
309 2097 459 2175 Fribnrgi
480 2095 717 2158 Ecclesiasticae
732 2093 892 2154 libertatis

111 2190 337 2250 defensoribus.
359 2189 438 2268 ugit
451 2190 585 2268 gratias,
599 2189 681 2266 quod
695 2185 893 2249 Ecclesiasti-

110 2303 162 2344 cos
185 2283 272 2343 viros
293 2285 331 2344 ob
357 2283 543 2362 religionem
571 2281 677 2341 Gallia
703 2281 890 2354 exulantes,

110 2382 258 2440 amanter
279 2377 475 2455 susceperint
502 2379 552 2437 etc
555 2418 828 2436 ......
873 2391 892 2434 a
934 2373 970 2434 ll

59 2489 75 2530 u
91 2475 130 2534 28
149 2473 230 2534 Maii
243 2504 257 2519 ·
270 2475 325 2531 Ad
331 2474 542 2543 Episcopum
552 2472 801 2530 Lucicnensem
813 2472 891 2530 oar·

111 2569 242 2628 dinalis
256 2570 299 2626 de
313 2568 450 2625 zelada.
466 2565 696 2624 Instructiones
714 2565 813 2641 quoad
827 2581 892 2624 ma·

111 2660 280 2732 trimouia,
296 2676 374 2736 quae
393 2657 573 2719 Nationalis
600 2659 801 2730 conuentus,
828 2658 894 2717 cdi·

113 2756 146 2812 to
168 2755 315 2825 decreto,
338 2768 442 2810 coram
463 2749 718 2827 Municipalitate
738 2751 892 2810 celebrari

112 2843 241 2906 iussit.
276 2889 278 2896 .
288 2886 828 2904 ...........
872 2860 891 2903 a
933 2842 971 2902 13

60 2952 75 2995 a
112 2941 150 2999 17
178 2937 464 2998 Iunii-Allocutio
493 2936 727 2999 consistorialis
753 2937 790 2995 de
817 2953 891 2995 nece

110 3031 205 3093 illata
225 3032 386 3092 Lndovico
406 3032 482 3092 XVI
503 3030 679 3091 Galliarum
700 3028 782 3106 Regi
803 3028 892 3090 oini-

113 3124 307 3187 stiauissimo
341 3163 828 3185 ...........
871 3136 890 3179 a
933 3119 971 3182 16

60 3233 76 3274 a
112 3220 150 3279 31
163 3218 269 3279 Iulii·
281 3218 335 3278 Ad
345 3217 617 3278 Nostraamuuus.
634 3217 890 3301 cardinalibus,

112 3315 408 3384 archiepiscopis,
416 3314 614 3384 mpmcopis,
624 3312 808 3382 capitulis,
817 3313 892 3369 cle·

112 3423 150 3464 ro
178 3411 215 3465 et
240 3409 369 3476 populo
397 3407 496 3474 regni
522 3407 723 3464 Galliarum.
751 3404 892 3464 (teneant

114 3496 192 3574 ipsi,
214 3513 251 3557 ac
271 3497 396 3558 Fideles
417 3513 529 3556 cavere
555 3497 686 3557 iubeant
710 3514 729 3557 a
757 3497 890 3574 quodam
