2430 4202
412 205 589 266 ...265-

24 311 157 371 maxime
182 310 318 371 omnium
340 311 474 372 invisam
494 311 656 372 Pontificis
682 312 905 373 auctoritatem
933 311 980 372 di·

24 405 234 482 gnitatemque
257 405 360 465 omnia
382 404 448 466 tela
469 405 660 465 coniicienda
682 409 801 479 esseut3
824 405 896 483 quid
919 405 979 465 sibi

23 498 196 560 laciendum
219 517 285 559 esse
307 500 445 560 statuitl
472 501 522 560 Me
551 501 720 560 miserum!
746 501 826 562 Nam
853 500 885 558 iu
908 517 976 560 eum

22 611 67 652 me
89 593 214 652 venisse
235 594 336 653 locum
358 593 481 667 sentio,
510 594 590 653 unde
612 613 677 654 sese
699 593 802 654 oratio
822 597 975 670 nequeat,

23 705 58 745 ne
79 686 108 745 si
129 686 288 763 integram
310 687 432 763 quidem
449 687 508 748 sibi
522 687 602 746 diem
618 687 799 765 sumpserit,
815 684 975 763 expedire.

23 779 84 844 Quo
99 779 191 838 'enim
214 779 270 839 ille
283 796 349 838 sese
371 797 431 839 nou
452 780 567 854 vertit,
583 798 643 857 quo
664 799 722 840 non
739 779 889 851 accurrit,
903 779 976 856 quid

22 871 187 945 laborum,
209 872 479 946 sollicitudinum,
501 873 716 932 molestiarum
746 890 806 933 non
829 873 977 948 suscepit,

23 967 56 1024 ut
91 968 287 1041 grassantem
320 965 459 1041 quotidie
495 966 592 1026 latius
623 967 763 1026 morbum
796 966 977 1038 cohiberet,

22 1061 239 1130 monstraret,
268 1058 446 1132 evelleret,
476 1059 629 1119 tolleretl
656 1059 766 1136 Serpit
792 1059 854 1118 iem
883 1056 979 1118 Italia

23 1153 141 1228 pestis,
166 1157 200 1214 et
219 1171 278 1230 quo
301 1155 476 1230 paratiores
504 1153 619 1213 habeat
644 1154 803 1213 adiutores
831 1151 979 1212 consilio-

22 1261 104 1315 rum,
126 1263 205 1322 quae
226 1246 331 1322 paullo
352 1249 423 1323 post
442 1247 629 1323 expeditura
649 1251 738 1319 erat,
760 1245 875 1322 agnina
896 1243 979 1320 pelle

23 1341 199 1398 contectum
231 1339 337 1416 lupum
365 1340 520 1413 instruit,
552 1340 606 1416 qui
640 1338 807 1399 severioris
836 1336 979 1412 discipli·

23 1449 79 1490 nae
109 1432 241 1492 obtentu
270 1433 358 1493 virus
387 1438 533 1507 evomat,
567 1452 602 1494 ac
635 1433 713 1493 illud
743 1432 775 1490 iu
803 1429 878 1508 ipsis
906 1447 979 1488 ocu·

23 1523 61 1582 lis
88 1525 194 1598 urbis,
219 1528 252 1585 et
277 1525 439 1585 Pontificis
463 1525 632 1603 propinetl
656 1526 788 1585 Praesto
810 1528 858 1583 est
882 1522 977 1595 Plus,

23 1621 55 1676 et
83 1618 167 1676 omni
198 1620 417 1691 humanitate,
447 1618 666 1696 benignitate,
696 1617 863 1678 clementia
891 1631 980 1674 ovem

24 1709 124 1770 lacere
146 1713 182 1770 de
212 1713 286 1788 lupo
315 1713 431 1772 studet.
458 1712 546 1774 Nihil
571 1711 767 1789 benignitate
795 1710 978 1788 proficitur,

25 1805 117 1879 atque
146 1805 221 1865 adeo
249 1805 349 1892 malus
379 1805 515 1864 hostium
541 1804 655 1865 crescit
682 1805 826 1873 animus,
853 1807 885 1863 et
913 1820 980 1862 ma·

25 1914 114 1973 gnam
136 1899 252 1959 conflat
273 1904 403 1973 struem,
427 1901 507 1958 unde
529 1899 586 1959 sibi
605 1901 733 1976 quisque
756 1915 907 1958 venenum
926 1913 979 1956 ar-

25 1991 143 2067 ripiat,
167 1993 373 2069 omninoque,
397 1997 433 2052 ut
454 1993 553 2070 tigres
581 1995 753 2054 efferantur
775 1993 908 2066 musica,
935 1991 979 2053 sic

24 2085 172 2145 comitate
194 2086 327 2146 maiores
349 2086 429 2146 flunt
450 2085 601 2163 spiritual
621 2087 720 2147 Adest
739 2086 834 2159 Pius,
849 2085 979 2145 moniti-

24 2195 80 2254 que
109 2195 251 2252 memor,
274 2197 333 2256 quo
357 2179 506 2241 Dominus
534 2184 642 2240 noster
667 2182 752 2239 Iesus
773 2179 917 2242 Christus
945 2197 978 2238 se

24 2288 150 2349 rogasse
170 2288 226 2348 pro
246 2273 343 2333 Petro
365 2276 501 2333 testatus
524 2277 594 2347 est,
618 2277 654 2332 ut
674 2291 733 2332 non
756 2272 882 2333 deficiat
902 2272 978 2332 fides

24 2363 101 2434 eius,
124 2379 294 2424 conversus
315 2364 480 2424 confirmat
500 2364 617 2424 iratres
639 2383 720 2425 suos.
745 2367 886 2442 Torpent
899 2364 976 2436 fere,

23 2457 149 2532 suisque
169 2457 318 2533 periculis
344 2457 574 2518 indormiscunt
598 2458 764 2536 pleraeque
785 2459 922 2530 (lentes,
945 2459 979 2516 et

24 2551 156 2626 Regna,
179 2553 212 2610 et
233 2550 288 2610 vix
310 2551 587 2624 animadvertunt,
610 2553 688 2612 hanc
716 2555 836 2613 tantam
862 2550 980 2610 machi·

24 2643 185 2701 nationum
207 2644 318 2704 molem
334 2687 342 2716 ,
361 2663 436 2720 quas
458 2646 562 2704 hostes
585 2646 730 2721 expedire
751 2648 861 2704 contra
882 2644 979 2704 solam

24 2734 221 2812 Religionem
245 2737 450 2810 videbantur,
472 2738 504 2796 in
530 2738 697 2815 perniciem
720 2739 923 2797 humanarum
946 2753 980 2794 o·

24 2829 142 2889 mnium
164 2848 271 2890 rerum
294 2833 536 2891 convertendam
558 2849 646 2901 esse,
670 2849 726 2890 nec
752 2833 800 2890 tot
820 2829 979 2904 tantisque

24 2923 159 2982 motibus
180 2923 265 2983 aliud
289 2923 396 2999 quaeri
420 2923 478 2982 nisi
500 2941 623 2994 casum,
645 2921 788 2994 ruinam,
811 2920 978 2980 interitum

23 3018 159 3093 Regum,
181 3020 214 3075 et
234 3020 427 3094 Regnorum,
443 3021 476 3076 et
494 3017 593 3076 totius
608 3014 722 3091 reliqui
737 3015 850 3086 cultus,
867 3011 981 3071 omnis-

23 3125 82 3182 que
103 3108 336 3180 humanitatis3
361 3113 455 3186 atque
484 3109 565 3167 hanc
586 3125 651 3167 esse
673 3106 873 3166 consiliorum
896 3122 980 3164 sum-

23 3219 117 3275 mam,
141 3204 177 3261 ut
198 3202 339 3260 homiues
361 3219 427 3261 esse
448 3218 513 3260 sese
534 3218 639 3260 omnes
657 3199 931 3270 obliviscerentur,
947 3201 980 3259 et

24 3293 162 3354 ferarum
185 3312 271 3354 more
294 3295 404 3354 vivere
426 3295 572 3354 vellentl
590 3297 660 3357 Non
683 3296 785 3354 cessat
804 3291 903 3363 Pius,
928 3293 981 3352 da·
1070 3377 1073 3383 Ι

26 3387 126 3464 lisque
147 3405 229 3448 nunc
253 3390 291 3449 ed
312 3387 492 3465 Episcopos,
509 3405 588 3448 nunc
609 3390 645 3447 ad
662 3388 745 3464 ipsos
759 3389 861 3464 Reges
875 3403 982 3445 aman·

27 3479 157 3541 tissimis
171 3480 324 3558 epistolis,
350 3480 502 3558 rogando,
516 3480 683 3553 hortando,
700 3479 845 3540 instando
859 3482 978 3554 monet,
