2430 4202
471 252 509 264 -
531 221 591 279 333
613 252 650 264 -

93 315 347 396 Simulationes
373 315 604 378 haereticorum
636 321 670 378 et
702 317 981 380 schismaticorum.
1010 323 1037 414 1.

27 413 150 484 272,
166 411 239 470 273.

98 504 1043 584 SpirensisEpiscopipastoraleslitteraolaudanturtquac·

32 601 148 659 dam
165 599 270 658 tamen
286 597 469 660 indicantur
482 617 560 676 quae
575 599 799 659 dilucidatione
820 600 924 677 egent.
935 601 975 660 11.
986 600 1036 660 64.

32 724 67 738 -
79 691 214 752 Eidem
228 690 362 753 facultas
376 710 518 752 concessa
532 693 712 753 absolvendi
727 694 948 772 presbyterum
959 693 1042 754 Lin-

38 790 188 848 derum
209 789 248 846 ad
270 805 373 847 sacros
395 787 519 847 ordines
541 787 579 848 ab
600 789 722 848 intruso
742 788 892 866 Episcopo
913 806 1039 866 promo-

43 884 160 942 tum.
179 880 246 941 135.
260 911 280 924 -
292 885 483 958 Responsum
505 881 589 943 ciros
609 882 813 943 validitatem
828 883 979 943 Ordinum
1001 883 1042 943 ab

34 967 187 1036 ‘eodem
209 978 418 1052 receptorum.
437 977 506 1037 153.

138 1067 253 1128 Stuart
266 1071 411 1130 Andreae
432 1073 691 1132 commendantur
704 1072 835 1133 Carolus
849 1069 986 1132 Erskine
1008 1071 1045 1129 ot

50 1161 203 1222 exsules
224 1161 400 1223 Galliarum
422 1164 639 1225 ecclesiastici.
656 1167 697 1226 11.
714 1164 764 1225 51.
1057 1195 1082 1228 ο

137 1255 295 1315 Subiectio
321 1256 504 1318 constitutis
525 1259 737 1335 potestatibus
759 1257 876 1319 debita.
899 1258 941 1318 ΙΙ.
968 1256 1039 1316 138.

139 1348 373 1410 Suessionensis
386 1352 530 1429 Episcopi
545 1352 597 1431 (H.
614 1354 639 1413 Ι.
653 1355 690 1412 dc
715 1351 926 1432 Bourdeilles)
953 1351 1041 1411 zelus

61 1443 112 1503 et
135 1441 214 1502 laus.
228 1443 252 1502 Ι.
272 1445 340 1506 149.

137 1536 286 1612 Suspensi
301 1537 339 1598 ab
353 1538 495 1599 omnibus
509 1538 670 1600 ordinibus
684 1540 737 1618 qni
757 1540 788 1599 in
808 1538 1043 1602 consecratione

64 1629 272 1689 intrusorum
301 1649 408 1709 opem,
438 1650 584 1710 operam,
615 1651 796 1694 consensum
818 1638 851 1694 et
872 1631 1038 1691 consilium

66 1723 320 1802 praestiterunt.
334 1726 359 1785 1.
376 1725 445 1785 156.
474 1715 508 1788 et
532 1744 636 1787 omnes
664 1727 801 1787 ordinati
829 1727 868 1787 ab
892 1722 1040 1796 intrusis,

70 1819 110 1877 et
136 1817 340 1894 irregulares,
358 1819 384 1878 si
398 1819 522 1878 ordines
537 1825 676 1896 receptos
698 1817 910 1878 exercuerint.
924 1819 947 1876 1.
966 1815 1037 1876 157.

544 2009 571 2064 ¹1·

140 2199 294 2258 Thoumin
309 2201 538 2273 Desvauspons,
554 2195 699 2256 Vicarius
714 2192 869 2272 generalis
884 2194 1039 2269 Doleuais;

79 2292 199 2353 Summi
220 2291 383 2352 Pontificis
404 2293 442 2351 ad
464 2308 533 2350 eum
554 2289 728 2367 responsio.
747 2290 771 2349 1.
789 2288 841 2349 50.

142 2365 323 2445 Tolonensie
343 2384 511 2462 Episcopus
533 2381 650 2464 (Aleo);
673 2381 794 2444 Summi
814 2382 978 2444 Pontificis
1000 2383 1039 2444 ad

81 2496 152 2539 cum
173 2478 317 2554 epistola.
335 2479 360 2538 Ι.
375 2478 426 2538 52.

541 2628 573 2684 U

140 2754 318 2836 Urgellensi
339 2756 491 2833 Episcopo
512 2757 680 2818 facultates
702 2773 874 2816 concessae.
885 2759 910 2817 1.
926 2757 997 2817 219.

141 2857 254 2915 Usura.
276 2852 357 2912 Num
378 2850 502 2911 fructus
526 2869 646 2912 annuus
667 2869 705 2910 ex
727 2869 785 2910 uon
815 2851 956 2911 alienata
971 2867 1038 2927 pe·

81 2945 171 3006 cunia
185 2945 345 3023 percipere
359 2945 499 3020 valeant,
512 2945 565 3022 qui
585 2944 798 3023 exceptionem
815 2944 898 3004 lucri
917 2961 1041 3004 cessan-

81 3039 124 3100 tis
145 3043 201 3099 aut
221 3039 325 3100 damni
350 3039 541 3116 emergentis
570 3040 774 3116 praetendere
800 3056 859 3097 non
888 3041 1038 3115 possunt,

84 3134 135 3194 sed
157 3132 345 3193 solummodo
367 3133 447 3193 lucri
468 3131 678 3193 advenientis.
693 3132 734 3191 11.
753 3131 824 3190 114.

540 3283 572 3340 V

139 3391 445 3495 Vesperis,aliisque
466 3411 611 3490 precibus
631 3409 766 3500 publicis
787 3412 844 3472 sub
865 3411 1040 3472 directione

83 3510 262 3589 presbyteri
283 3509 381 3570 iurati
402 3505 546 3568 recitatis
567 3505 721 3566 interesse
743 3504 962 3567 1161661184.
