2424 4196
235 335 283 395 tui
303 331 458 392 moeroris
479 330 511 390 in
532 332 598 392 Nos
619 331 824 403 redundaret,
840 329 923 390 acin
939 333 1044 390 Tuum
1059 349 1113 403 non
1125 347 1172 388 ma·

235 429 296 506 gis,
319 444 409 504 qnam
433 425 465 483 in
487 426 638 486 Nostrum
667 428 763 500 caput
783 426 833 483 tot
854 425 1088 484 Catholicorum
1113 423 1175 483 cala·

234 523 362 582 mitates
391 518 649 592 cumularentur,
672 518 747 594 quid
777 517 864 578 aliud
893 518 999 578 facere
1020 519 1174 594 potuimus,

234 634 326 693 quam
349 614 436 673 inter
450 612 598 672 lacrimas
612 630 647 671 ac
662 612 802 688 suspiria
821 630 933 672 manus
948 609 1175 689 mentemquead

234 709 356 770 caelum
384 706 533 766 attollere
554 708 588 764 et
610 704 842 783 omnipotentis
858 705 914 766 Dei
930 706 1050 766 iudicia
1070 722 1176 764 venera·

236 804 333 864 bundi
361 799 515 860 adoraret
546 798 696 875 Deinceps
724 799 923 875 aliquantum
943 800 1080 860 collecto
1101 798 1175 858 anino

236 898 273 959 ad
295 895 370 956 Eius
392 892 549 952 infinitam
570 891 766 968 respeximus
788 892 1050 966 misericordiam,
1071 893 1122 970 qni
1140 907 1175 967 per
1200 929 1201 936 κ

237 994 286 1050 tot
306 991 474 1049 renovatas
497 1003 662 1045 aerumnas
684 985 776 1046 fldem
798 1003 925 1046 suorum
947 986 1077 1063 probari
1105 1002 1176 1062 spen·

236 1102 296 1161 que
316 1083 348 1141 in
371 1099 404 1140 se
425 1097 547 1139 omnem
569 1077 681 1154 proiioi
703 1079 801 1152 velit3
824 1080 948 1138 demum
969 1097 1058 1138 suam
1079 1080 1128 1139 Illi
1139 1080 1176 1137 Ee

231 1176 374 1246 clesiam,
383 1176 550 1249 coetusque
562 1171 734 1231 catholicos
749 1189 866 1244 omnes,
880 1175 986 1250 Teque
999 1173 1103 1250 ipsum
1113 1189 1176 1249 prae
1199 1169 1200 1203 ³

235 1271 325 1347 cipue
353 1272 502 1343 tuumque
536 1265 691 1341 Populum
726 1269 844 1341 quanta
874 1266 1013 1326 maxima
1046 1267 1176 1343 potuimus

234 1363 368 1442 spiritns
389 1359 601 1432 contentione,
625 1377 664 1418 ne
684 1378 703 1418 a
724 1357 853 1418 nefariis
875 1359 1037 1420 hominum
1059 1359 1177 1436 perdito·

237 1476 307 1519 rum
319 1455 417 1538 copiis
432 1451 554 1532 proteri
569 1452 665 1526 sinat,
680 1455 714 1512 et
728 1453 1012 1514 commendavimus
1031 1456 1065 1512 et
1081 1449 1177 1530 precari

237 1566 404 1626 numquam
428 1545 686 1605 intermittimus.

297 1646 345 1704 Ad
358 1644 402 1701 Te
415 1659 503 1712 vero,
516 1641 595 1698 Ven.
608 1640 737 1712 Frater,
750 1640 958 1716 singulariter
972 1643 1179 1707 convertimur,
1205 1665 1206 1700 r

238 1739 371 1814 Tibique
392 1734 578 1811 iampridem
601 1737 797 1810 perspectam
817 1733 915 1794 Nobis
935 1734 1033 1793 animi
1057 1736 1117 1794 Tui
1135 1734 1180 1792 lor·
1205 1758 1206 1793 1

238 1832 408 1893 titudinem
423 1846 714 1901 commemoramus,
731 1847 809 1904 quae
824 1828 960 1888 maxime
976 1829 1008 1887 in
1028 1829 1181 1889 christiana
1205 1861 1206 1868 κ

238 1925 412 2005 patientia,
442 1928 476 1984 et
497 1924 529 1983 in
552 1923 679 1982 divinae
702 1923 920 1998 providentIae
943 1923 1109 2000 obsequio,
1130 1922 1181 1982 red-

239 2020 406 2096 dendisque
426 2018 479 2077 vel
501 2018 539 2076 ob
560 2017 642 2093 ipsas
656 2016 877 2076 tribulationes
892 2019 955 2077 Deo
970 2017 1086 2094 gratiis
1101 2019 1183 2077 eluce-

238 2113 308 2175 scit.
320 2113 380 2172 Sed
393 2113 498 2171 deesse
507 2109 578 2168 Tibi
591 2110 668 2185 ipse,
679 2110 757 2168 Ven.
769 2110 897 2182 Frater,
907 2129 965 2169 non
979 2117 1125 2187 potes,ex
1134 2112 1183 2186 ipsa
1206 2131 1207 2166 r

237 2204 414 2282 Religionis
436 2205 565 2261 nostrae
586 2201 730 2262 doctrina
751 2207 911 2280 promptas
931 2204 1004 2264 Tibi
1026 2223 1062 2265 ac
1076 2208 1183 2282 paratas

241 2315 413 2376 suggerens
441 2295 600 2369 rationes,
623 2315 702 2373 quae
724 2302 757 2357 et
779 2315 874 2358 verae
896 2299 968 2358 Tibi
995 2296 1183 2360 consolationi

240 2410 307 2452 esse
339 2391 474 2468 possint,
503 2391 663 2467 magisque
685 2391 813 2450 idoneae
835 2393 892 2451 hoc
912 2396 1053 2469 tempore
1080 2394 1142 2452 sint
1158 2388 1184 2448 ad

241 2486 408 2548 melestem
430 2501 538 2560 opem,
560 2502 622 2561 qua
643 2484 733 2544 unice
755 2485 815 2546 niti
837 2487 1002 2558 debemus,
1025 2487 1184 2565 impetrar-
1206 2531 1207 2558 ,

240 2582 322 2640 dam.
353 2578 480 2640 Utinam
502 2579 629 2639 tandem
651 2579 926 2657 exoptatissimum
947 2581 1028 2642 illud
1056 2577 1186 2641 adveniat

238 2677 374 2749 tempus,
397 2692 456 2749 quo
477 2674 594 2734 Noster
615 2677 765 2750 paternus
786 2674 921 2746 animus,
938 2679 975 2738 ut
990 2694 1072 2736 nunc
1086 2671 1185 2734 vestris

240 2767 398 2843 aegrescit
418 2766 590 2839 aerumnis,
613 2765 660 2826 ita
680 2784 831 2826 conversa
852 2766 1058 2844 stabilitaque
1080 2771 1185 2827 vestra·

239 2877 309 2920 rum
331 2876 438 2920 rerum
459 2861 582 2920 ratione
602 2863 711 2920 vestro
733 2860 846 2937 gaudio
866 2862 1019 2921 laetetur.
1042 2863 1088 2922 Ac
1111 2865 1147 2919 ut
1163 2860 1185 2916 ir

233 2971 295 3020 ,nos
323 2954 526 3030 propensiora
547 2953 674 3014 divinae
696 2954 824 3030 pietatis
845 2954 969 3015 viscera
995 2972 1051 3032 per
1072 2958 1188 3032 Aposto-

237 3047 332 3108 licam
344 3047 598 3106 Benedictionem
611 3048 789 3120 reddamus,
803 3049 932 3106 eandem
945 3065 1065 3108 summo
1078 3044 1186 3125 paterni

238 3140 343 3200 cordis
365 3140 480 3214 studio,
496 3142 647 3217 qnantum
663 3139 732 3201 fieri
748 3141 875 3203 aNobis
890 3143 1010 3218 potest,
1028 3141 1188 3202 confertum

239 3233 490 3310 cumulatamque
518 3233 611 3306 Tibi,
634 3235 713 3295 Veu.
736 3235 873 3309 Frater,
903 3234 1040 3313 Tuisque
1061 3235 1188 3295 omnibus

238 3329 440 3400 peramanter
462 3326 678 3402 impertimur.

300 3420 412 3478 Datum
435 3422 551 3480 Roman
573 3420 623 3479 die
637 3421 759 3482 XXVII
772 3421 967 3498 Septembris
981 3419 1189 3488 MDOOXGIV,

239 3511 446 3572 Pontificatus
466 3513 576 3574 Nostri
596 3531 680 3574 anno
701 3514 773 3574 XX.
830 3593 833 3601 Δ
