2488 4204
660 218 697 232 -
717 185 758 246 50
779 217 817 230 -
895 179 897 188 ¹

256 295 410 374 largitore
421 298 496 368 Deo,
518 295 651 353 secundo
667 292 753 353 vitae
767 292 835 352 sine
848 292 915 352 ulia
930 293 1102 352 offensione
1114 310 1201 366 cursu,

257 388 317 450 tibi
338 387 443 448 fausta
463 393 497 448 et
518 385 624 447 felicia
645 388 758 446 cuncta
781 388 982 463 peramanter
1004 388 1201 464 adprecamur.

316 473 430 543 D'atum
453 483 591 553 Romae,
618 480 668 539 die
698 481 758 540 Vll
779 479 973 557 Septembris
1000 481 1200 550 MDOGXOIII,

257 574 463 636 Pontificatus
484 574 594 636 Nostri
618 591 698 633 anne
718 574 806 633 XIX.

691 744 788 802 ¹11.

642 865 747 907 roernr
768 864 843 907 vmo

559 1009 758 1070 nnnnrno
780 1009 921 1069 anana

471 1170 539 1248 Pl
558 1171 596 1250 U
616 1170 642 1248 S
697 1171 730 1246 P
750 1169 785 1244 A
803 1171 836 1246 Ρ
856 1168 890 1244 Α
945 1167 1013 1244 Vl.

529 1362 669 1421 nonus·
690 1363 766 1433 vn,
788 1345 953 1420 saneah.

318 1518 467 1578 Nostram
479 1514 619 1592 profecto
633 1513 1129 1591 commendationem,Nostrique
1140 1507 1203 1590 grati

258 1610 354 1672 animi
378 1609 592 1670 testimonium
607 1607 677 1666 inre
699 1609 830 1686 quodam
852 1626 906 1667 suo
921 1607 1086 1668 vindicare
1101 1606 1158 1666 sibi
1171 1602 1204 1660 vi·

259 1707 375 1765 dentur
396 1702 440 1776 ii,
461 1703 514 1781 qni
543 1703 719 1780 apostasiae
741 1707 774 1762 et
794 1702 970 1778 impietatis
991 1704 1136 1778 tempore
1154 1712 1205 1757 sna

258 1797 376 1877 ingenii
400 1797 484 1857 vires
506 1815 542 1856 eo
556 1797 774 1870 intenderunt,
797 1801 833 1856 ut
846 1797 957 1859 bonam
972 1813 1100 1856 causam
1122 1793 1222 1900 defenp

258 1892 389 1954 ciendam
412 1891 618 1968 susciperent,
642 1893 738 1968 utque
760 1889 931 1967 plurimam
953 1889 1173 1950 adlaborarent
1183 1883 1204 1940 in

257 1985 403 2046 iuvandis
431 1983 634 2060 ferendisque
664 2002 724 2044 non
748 1982 787 2042 iis
808 1985 899 2042 modo
920 1979 1058 2060 egregiis
1082 1978 1206 2042 ecclesia·

258 2078 347 2140 sticis
368 2075 461 2149 viris,
486 2075 540 2152 qni
561 2080 635 2136 sunt
649 2094 666 2134 e
681 2093 779 2153 regno
801 2075 976 2138 Galliarum
999 2068 1205 2146 enarrasset
1222 2094 1223 2178 p

258 2171 399 2235 omnibus
420 2168 518 2229 etiam
549 2168 736 2242 catholicis,
760 2168 813 2246 qui
836 2169 868 2228 in
889 2168 1125 2230 florentissimis
1155 2161 1223 2226 istis*

257 2265 391 2340 Magnae
411 2259 596 2322 Britanniae
619 2262 727 2339 regnis
747 2267 991 2324 commorantur.
1005 2264 1069 2323 Hos
1091 2263 1172 2323 inter
1183 2262 1206 2317 tu

259 2353 414 2433 imprimis
442 2353 606 2426 enituisti,
632 2353 686 2431 qui
714 2355 838 2416 celebre
866 2356 1061 2417 elucubrasti
1092 2373 1164 2434 opus
1180 2351 1205 2412 ad

257 2447 429 2510 evertenda
450 2450 483 2506 et
503 2447 700 2527 profliganda
715 2467 868 2511 novorum
883 2449 1007 2511 Galliae
1022 2447 1206 2527 philosopho

257 2558 329 2604 rum
350 2544 540 2611 commenta,
561 2541 675 2620 quique
697 2546 768 2604 tuos
789 2544 937 2604 hortatus
959 2559 1042 2603 asses
1063 2542 1151 2602 cives
1169 2555 1206 2596 ne·

258 2636 332 2694 dum
344 2636 381 2693 ut
391 2651 479 2712 opem
493 2632 626 2708 ferrent,
646 2654 684 2696 ea
697 2655 759 2714 qua
772 2639 938 2714 praestant
949 2634 1148 2697 humanitate
1159 2648 1206 2692 me

258 2726 391 2798 moratis
422 2727 600 2790 Galliarum
628 2729 847 2790 ecclesiasticis
868 2727 971 2801 viris,
994 2730 1047 2788 sed
1069 2728 1165 2788 etiam
1183 2721 1206 2780 ui

256 2820 429 2900 plurimum
457 2819 604 2880 faverent
630 2823 794 2885 catholicis
822 2823 855 2882 in
885 2825 1017 2900 Magnae
1039 2818 1206 2885 Britanniae

257 2917 368 2991 Regno
391 2913 486 2986 natis,
509 2914 561 2991 qui
583 2914 751 2978 fidelitatis
773 2916 865 2976 laude
884 2915 1040 2993 pollentes
1061 2935 1092 2976 se
1116 2917 1206 2993 dignos

258 3008 475 3080 reddiderunt,
498 3007 530 3067 in
550 3027 627 3086 quos
650 3011 737 3070 natio
754 3009 903 3072 universa
923 3029 1014 3072 suum
1037 3006 1207 3072 amoremsi

258 3101 510 3163 benevolentiam
541 3103 730 3179 coniiceret,
755 3108 788 3164 et
808 3106 840 3166 in
863 3105 975 3183 quibus
1005 3105 1122 3182 publici
1142 3103 1209 3178 regi·

166 3227 175 3246 ι
259 3194 352 3257 minis
374 3196 591 3273 tranquillitas
622 3202 657 3258 et
686 3199 840 3260 securitas
869 3200 1114 3276 conquiesceret.
1138 3193 1207 3264 Quod

258 3287 382 3365 quidem
394 3306 451 3365 per
466 3294 510 3364 te,
530 3299 563 3351 et
583 3309 673 3369 saepe
685 3291 765 3353 alias
781 3293 899 3353 lactum
914 3296 974 3366 est,
991 3295 1026 3352 et
1039 3312 1120 3353 anno
1134 3306 1210 3368 prae·

259 3381 369 3441 sertim
394 3384 483 3458 1780,
506 3388 539 3445 ct
560 3385 631 3444 aliis
654 3404 774 3463 quoque
797 3387 1003 3464 temporibus,
1023 3404 1102 3463 quae
1117 3388 1209 3463 postes

258 3478 333 3536 sunt
353 3481 528 3539 consecuta.
545 3477 625 3538 Hine
647 3479 732 3538 laeto
754 3480 911 3557 hilarique
933 3480 1070 3540 velimus
1089 3476 1209 3554 accipin
