2424 4196
23 307 88 366 alies
101 325 225 384 quoqne
236 308 392 369 dioeceses
406 310 493 370 facili
506 311 634 388 negotio
644 315 898 391 transgressuros
912 321 980 376 tum

23 399 208 474 Britanniae,
222 405 292 461 inm
306 402 442 464 aliarum
457 405 705 481 provinciarum,
719 406 875 484 inquibus
890 410 980 472 nulla

24 495 69 554 tibi
88 500 177 558 esset
200 493 391 570 iurisdictio,
415 517 472 561 nec
493 501 571 562 satir
592 503 751 560 aemmode
773 519 889 580 posses,
904 521 981 580 quo-

22 589 69 650 ties
90 609 169 667 opus
194 591 318 666 fuisset,
342 595 380 654 ad
404 596 484 655 hauc
505 595 614 656 Sedem
638 594 824 672 confugere:
847 595 920 656 hino
943 600 980 658 ut

18 686 83 744 adeo
93 685 284 763 religiosum
301 704 378 764 opus
392 687 517 748 felicius
531 689 729 761 absolvatur,
742 689 884 766 postulat
898 706 980 752 mar·

16 777 76 837 chio
95 797 115 840 a
134 779 250 854 Nobis,
270 784 366 858 tuque
388 782 485 842 etiam
500 783 654 860 postulae,
672 787 708 843 nt
721 801 827 844 omues
847 783 906 842 tibi
920 783 980 843 tri-

14 872 145 934 buantur
168 874 358 949 facultates,
381 895 460 952 quae
481 879 520 938 de
540 877 779 938 morevioariis
799 874 980 954 apostolicis

15 965 220 1040 tribuuntur,
241 985 302 1044 quo
323 985 527 1047 magnacum
549 969 694 1030 utilitate
716 969 813 1048 possis
835 970 979 1048 legitimo

14 1059 187 1121 ministerio
203 1060 292 1138 fungi
314 1068 347 1122 et
361 1062 442 1140 apud
458 1063 591 1137 milites,
604 1065 638 1123 et
653 1066 733 1141 apud
749 1057 857 1123 fideles
869 1080 978 1124 aarum

15 1153 199 1214 dioecesium
212 1159 305 1232 atque
320 1155 569 1232 provinciarum,
593 1157 624 1216 in
646 1173 724 1234 quas
744 1161 840 1218 erunt
860 1156 979 1218 milites

14 1249 197 1323 profecturi.

65 1343 134 1404 Non
152 1359 318 1420 possumus
332 1341 476 1421 equidem
493 1344 572 1404 natis
591 1343 707 1405 merita
719 1345 812 1406 laude
832 1344 979 1421 prosequi

13 1439 148 1496 restrum
179 1436 345 1513 utriusque
374 1437 519 1496 ardorem
548 1455 583 1497 ac
612 1437 770 1510 studium,
794 1437 979 1515 petitiones·

13 1545 61 1604 que
94 1532 229 1589 vestrae
261 1533 488 1590 consentaneae
520 1531 618 1592 Nobis
649 1532 800 1592 uidentur
829 1547 896 1591 esse
927 1530 978 1591 illi

14 1623 233 1696 declarationi,
256 1639 347 1700 quam
370 1626 435 1685 Nos
458 1624 601 1684 omnibus
626 1625 802 1685 Galliarum
824 1624 977 1702 episcopis

14 1715 216 1792 patefecimus
249 1717 358 1778 citatis
384 1718 503 1778 nostris
528 1718 558 1776 in
585 1717 688 1779 forma
711 1719 823 1778 Brevis
856 1718 977 1778 litteris

13 1811 67 1870 diei
87 1812 128 1872 31
153 1809 239 1884 iulii,
254 1810 314 1884 his,
329 1828 408 1888 quae
423 1815 599 1888 sequuntur
620 1811 744 1872 verbis:
768 1812 832 1873 «Si
854 1811 978 1890 iniquo·

14 1919 106 1965 rrum
121 1906 287 1965 homiuum
308 1905 477 1966 insectatio
493 1922 528 1966 eo
542 1905 718 1978 devenerit,
735 1907 772 1964 ut
787 1907 911 1966 vestras
924 1923 978 1965 ou·

14 2013 87 2058 »ras
118 1998 253 2058 inutiles
281 2003 339 2058 aut
363 1999 475 2060 irritas
504 1997 635 2071 fecerit,
658 1998 705 2059 ita
725 2001 763 2058 ut
783 1997 908 2074 quidam
932 1996 976 2056 sit

13 2092 146 2167 elneus,
171 2092 224 2169 qui
245 2096 352 2154 careat
381 2091 525 2170 legitimo
554 2092 713 2169 superiore
742 2091 974 2164 ecclesiastico,

14 2186 117 2245 »hanc
141 2187 258 2245 adeant
286 2185 491 2262 apostolicam
514 2187 625 2245 Sadem
648 2185 690 2258 ii,
715 2185 768 2262 qui
791 2189 881 2245 tanta
906 2201 976 2246 cum

15 2278 132 2339 alaude
154 2296 278 2339 causam
294 2277 462 2338 sacerdotii
478 2276 643 2336 defendere
657 2293 690 2336 se
705 2277 896 2354 gloriandum
909 2280 975 2340 Nos

14 2375 121 2434 »euim
146 2378 290 2452 prompto
311 2391 347 2434 ac
369 2373 514 2450 legitimo
530 2390 729 2434 occurremus
749 2373 975 2452 auxilio,quod

14 2468 145 2527 »locum
170 2467 311 2541 habebit,
331 2467 427 2527 donec
450 2484 505 2526 vos
527 2466 683 2527 dioeceses
703 2471 828 2528 vestras
849 2485 987 2545 regere,

14 2565 135 2638 satque
158 2560 381 2622 administrare
404 2560 574 2638 possitis.»
589 2560 670 2620 Hiuo
684 2560 765 2620 certi
784 2562 849 2623 Nos
869 2562 907 2620 de
922 2579 975 2622 ne-

16 2655 155 2716 cessitate
184 2655 356 2731 petitarum
380 2653 592 2727 facultatum,
616 2654 821 2731 nolentesque
842 2671 904 2715 uno
924 2673 975 2714 eo-

16 2746 137 2826 demque
168 2753 310 2826 tempore
333 2748 539 2809 declarationi
569 2755 696 2808 nostrae
724 2749 917 2820 adhaerere,
939 2751 974 2808 et
1014 2827 1016 2832 Ι

19 2838 141 2901 aliorum
164 2842 359 2902 confratrum
382 2841 455 2903 iura
476 2845 564 2902 sarta
585 2844 731 2918 tectaque
754 2857 893 2912 servare,
919 2857 975 2916 cp-

18 2937 176 3004 portunum
189 2934 330 2994 ducimus
353 2935 549 3012 distinguere
570 2935 797 2995 catholicarum
812 2932 974 3009 copiarum

17 3025 126 3088 milites
144 3047 163 3088 a
183 3029 306 3104 populis
327 3027 504 3089 alienarum
525 3029 726 3100 dioecesium,
745 3027 777 3086 in
791 3043 868 3104 quas
881 3042 975 3104 prae-

17 3117 108 3180 dictae
130 3121 237 3200 copiae
259 3122 508 3198 proficiscentur.

68 3217 113 3276 Ad
127 3215 235 3275 fideles
249 3217 330 3292 quod
347 3216 478 3290 attinet,
494 3216 548 3294 qui
563 3215 696 3277 militiae
711 3214 765 3275 isti
788 3231 899 3274 noman
917 3215 974 3274 aut

17 3301 71 3406 lam
83 3309 245 3381 dederunt,
255 3312 311 3370 aut
323 3311 453 3381 dabunt,
463 3315 628 3386 sequentes
639 3311 703 3373 Nos
714 3307 973 3370 cousuetudinem

15 3413 43 3456 1n
54 3400 214 3461 catholicis
227 3403 347 3478 regnis,
360 3406 392 3462 te
404 3403 552 3480 eligimus
566 3421 603 3463 ac
618 3401 811 3463 destinamus
825 3400 857 3460 in
872 3401 972 3470 totius

16 3493 163 3555 exereitus
184 3493 386 3555 ordinarium
404 3496 443 3555 ad
465 3495 567 3555 instar
582 3493 744 3571 Oapellaui
766 3493 908 3569 Maioris,
924 3494 973 3555 ita
