2430 4202
382 215 560 275 489-

100 319 166 379 uiae
177 319 273 397 Regis
286 319 370 380 Filio
381 318 733 380 commendatOurqum
742 318 876 380 Erskiue

99 417 130 474 et
150 414 258 473 exules
279 414 389 474 Gallos
426 457 756 473 .......
789 431 869 491 pap.
911 417 950 477 49

20 507 107 568 17937
126 508 320 584 Septembris
335 539 350 552 ·
361 507 512 567 Nostram
521 509 677 584 profecto.
691 510 872 568 Edmundo

95 605 216 662 Burks.
250 601 440 664 Gratulatur
467 601 505 661 da
534 600 674 678 egregiis
700 601 739 661 ab
767 603 876 661 eodem

95 695 250 773 evulgatis
277 696 443 772 operibus,
474 711 510 754 ae
538 696 575 754 de
596 695 695 772 ipsius
716 695 822 754 studio
843 695 875 756 iu

82 790 200 848 ‘exules
220 777 459 866 Ecclesiastiuos
479 789 600 862 Gallos,
624 793 657 849 et
678 790 710 848 in
736 791 877 852 (iatholi-

94 899 142 941 aos
163 882 297 958 Angliae
321 926 812 942 ..........
857 901 875 944 r
917 885 957 946 50

94 975 338 1052 iseptambris·
352 975 410 1036 Ubi
420 977 729 1037 dilectosunurses
743 980 874 1039 Stuart.

94 1068 297 1129 Commendat
310 1068 458 1130 Ourolum
473 1070 620 1143 Erslsiue,
633 1075 667 1130 et
680 1070 789 1130 exules
802 1072 879 1132 Gal·

94 1160 209 1221 liarum
230 1161 466 1222 Ecclesiasticus
488 1162 574 1221 viros
594 1205 816 1222 .....
860 1181 878 1224 t
918 1167 956 1227 51

93 1254 112 1313 5
131 1255 277 1315 Octobris
290 1285 309 1302 -
322 1256 564 1317 Intelleooimus.
580 1260 728 1326 Iosepno
746 1255 877 1319 Marias

94 1351 266 1420 Episcopo
286 1352 491 1410 Genevensi.
514 1349 638 1410 Laudat
657 1349 724 1408 eius
739 1351 877 1410 studium

95 1441 125 1500 in
146 1441 320 1502 catholicae
333 1442 424 1502 Fidei
439 1446 472 1501 ot
486 1441 684 1518 Apostolioae
700 1443 788 1502 Sedis
804 1461 879 1519 pro·

94 1535 294 1612 pugnatione.
318 1535 424 1595 Mittit
447 1553 595 1612 respousa
619 1535 754 1595 diversis
782 1554 878 1613 quae·

94 1629 247 1688 stionibus
260 1628 300 1687 ab
321 1647 357 1688 eo
378 1629 549 1706 prepositis
592 1673 813 1690 .....
859 1647 877 1690 >r
917 1633 956 1693 53

127 1728 310 1794 &sponsa
326 1726 520 1793 praedietis
542 1725 816 1794 quaestionibus.

132 1817 160 1875 1.
184 1815 253 1880 Qua
263 1815 387 1876 ratione
399 1815 552 1892 Episcopo
567 1816 793 1893 procedendum
809 1835 877 1876 oum

93 1906 270 1984 pastoribus
283 1909 338 1967 aut
349 1907 474 1968 oleriois
491 1912 552 1967 eto.
573 1907 699 1968 diversa
716 1908 793 1968 lieet
813 1909 878 1968 for·

92 2001 174 2062 mula
196 1997 655 2060 iuratis-communicantibus
680 2018 750 2059 oum
772 2002 878 2060 Iutru·

93 2093 391 2154 sis-desertoribus
415 2093 463 2152 sui
489 2092 690 2152 tituli-eum
717 2093 878 2172 religiosis

91 2186 356 2264 apostatis-oum
379 2185 471 2260 istis,
489 2185 540 2245 vel
562 2186 686 2246 olerieis
708 2186 878 2248 maioribus

92 2281 117 2340 si
130 2279 336 2342 matrimonia
349 2279 585 2340 attentaverint
596 2310 615 2323 -
627 2298 699 2340 oum
715 2297 878 2357 oppugua-

93 2374 214 2434 toribus
226 2373 402 2435 catholicae
414 2372 576 2432 doetrinae
587 2402 607 2417 -
618 2391 688 2433 oum
699 2372 878 2434 fautoribus

93 2467 270 2529 schismatis
292 2468 342 2526 ete
346 2509 601 2526 ......
642 2481 655 2526 ’.
701 2511 708 2525 .
753 2510 761 2526 .
807 2511 814 2524 .
859 2482 878 2525 r
918 2467 958 2527 54

132 2565 162 2625 2.
188 2563 255 2628 Qua
276 2559 399 2620 ratione
413 2577 445 2618 se
461 2577 571 2636 gerere
587 2562 721 2621 debeant
731 2562 878 2621 Pastores

92 2656 121 2714 iu
143 2654 271 2734 publiea
292 2659 560 2715 sacramentorum
586 2655 877 2728 administratione,

91 2751 125 2808 et
143 2746 321 2810 christiana
343 2749 507 2825 sepultura
528 2765 605 2824 erga
619 2749 716 2808 laicos
731 2749 880 2808 schisma·

91 2840 133 2900 tis
147 2843 402 2919 propugnatores
416 2840 469 2900 vel
483 2839 792 2916 fautores-bigamos
806 2846 879 2917 post

92 2937 195 3012 tepula
214 2933 390 2994 divortium
401 2933 462 2992 -iu
484 2932 664 2992 adulterino
679 2935 731 2993 vel
746 2933 880 2993 fornica-

91 3027 137 3087 rio
158 3028 316 3088 consortio
338 3031 408 3104 post
428 3026 526 3086 irrita
546 3025 748 3104 matrimonia
775 3042 880 3103 perse-

92 3124 240 3183 verantes
271 3162 601 3182 .......
646 3107 654 3179 ’.
702 3162 709 3179 .
755 3161 762 3177 .
808 3160 816 3177 .
859 3133 878 3179 r
919 3117 959 3178 59

130 3216 161 3275 3.
186 3215 271 3282 Quae
292 3196 453 3274 sententia
474 3214 609 3274 tenenda
629 3211 666 3271 de
687 3211 749 3286 his,
766 3211 819 3289 qui
840 3212 879 3271 ad

91 3306 271 3384 legitimum
279 3306 471 3385 superiorem
483 3307 536 3366 vel
549 3307 729 3367 nullatenus
741 3305 792 3364 vel
805 3322 880 3363 nou-

89 3401 152 3470 nisi
174 3397 358 3462 difficillime
373 3418 537 3462 recurrere
552 3401 697 3462 valentes
711 3431 727 3446 -
744 3399 796 3460 vel
811 3397 880 3459 uui-

89 3493 156 3556 lum
178 3497 347 3573 paroehum
362 3497 490 3574 praeter
505 3495 646 3558 iuratum
658 3497 715 3558 aut
731 3492 880 3556 schisma·

86 3613 145 3668 Vol.
160 3617 206 3670 II.
503 3613 504 3618 ’
834 3619 865 3666 19
