2488 4204
238 336 395 414 repellere
416 338 542 412 apertas
568 335 839 411 formidandasque
867 335 1006 394 hostium
1027 333 1129 404 vires,
1151 334 1194 392 sed

239 433 273 490 et
294 431 379 490 dolos
400 431 588 507 insidiasque
611 447 734 500 cavere,
750 430 861 506 quibus
882 447 942 488 non
957 429 1058 487 minue
1081 428 1131 488 illi
1151 447 1197 487 ve·

238 525 319 598 lent,
336 525 512 585 debeamus.
528 525 635 584 Omnis
648 524 905 586 intercludendos
920 527 968 583 est
982 522 1088 583 aditus
1104 521 1197 598 impiis

184 629 187 634 '
239 634 348 678 eorum
363 616 528 689 doctrinis,
543 634 649 675 omnes
663 615 861 693 repellendae
877 615 1065 693 perfidarum
1081 617 1195 674 senten·

240 710 358 771 tiarum
379 709 543 780 fallaciae,
567 729 603 770 ao
630 710 892 786 interponendum
924 712 973 769 est
1000 711 1196 783 accurateque

133 865 136 872 ,
239 805 388 864 tuendum
410 804 562 879 quoddam
585 803 676 862 velut
697 803 817 862 vallum
839 803 954 864 insitae
976 802 1009 861 in
1031 801 1145 860 animis
1158 816 1197 858 re·

238 899 378 976 ligionis,
396 917 431 958 ac
446 898 501 959 Dei
518 898 643 957 timoris
664 897 943 975 propugnaculum.
970 900 1015 957 Ae
1042 899 1079 955 ut
1104 894 1195 954 omnia

239 993 316 1062 tibi,
339 995 453 1068 tuoque
476 993 600 1068 populo,
617 991 841 1068 universaeque
861 991 1025 1051 Sardiniae
1047 1006 1145 1068 regno
1163 1004 1194 1045 ex

238 1103 333 1144 verae
366 1084 494 1160 pietatis
526 1085 640 1144 studiis
669 1101 818 1160 prospere
850 1083 1047 1160 feliciterque
1080 1084 1192 1148 cedant,

238 1178 439 1255 apostolicam
465 1177 715 1238 benedictionem
737 1178 952 1238 Fraternitati
974 1183 1059 1249 tune,
1081 1177 1196 1236 univer·

239 1273 342 1348 sisque
364 1276 429 1331 tam
452 1271 665 1332 benemeritis
687 1272 821 1349 populis,
837 1272 869 1330 in
883 1273 1018 1332 Nostrae
1033 1271 1130 1330 etiam
1151 1283 1193 1344 pa·

238 1367 347 1423 ternae
362 1364 599 1425 benevolentiae
621 1365 925 1442 existimationisque
946 1365 1071 1442 pignus,
1088 1381 1128 1422 ex
1140 1360 1195 1420 eni·

238 1473 288 1516 mo
309 1475 345 1515 ac
366 1462 566 1533 peramanter
588 1458 802 1534 impertimur.
1227 1511 1228 1540 ,

298 1552 413 1609 Datum
436 1553 551 1611 Romae
573 1552 653 1627 apud
678 1552 710 1610 S.
728 1551 862 1611 Mariam
884 1551 1048 1621 Maiorem,
1073 1551 1131 1610 sub
1149 1565 1193 1607 an·
1227 1575 1228 1622 3

239 1643 313 1702 nulo
335 1642 520 1715 Piscatoris,
536 1643 586 1702 die
611 1645 718 1703 XXXI
733 1643 869 1720 Augusti
891 1643 1194 1715 Mnuoxc111,1³0n·

237 1736 377 1796 tificatus
390 1737 499 1798 Nostri
520 1755 600 1796 anno
620 1738 708 1796 XIX.

817 1829 1013 1890 Benedictus
1032 1827 1129 1906 Stay.

660 1983 774 2041 vm.

599 2110 737 2154 cinnoma
758 2109 850 2154 smne

431 2245 627 2305 BAIULIVO
659 2247 712 2304 ΕΤ
745 2245 1006 2306 ORATORIBUS
1226 2187 1227 2282 i

469 2521 629 2602 PIUS
675 2511 853 2601 PAPA
898 2523 966 2602 Vl.

356 2691 486 2750 Dilectt
505 2692 603 2763 Filii,
625 2694 776 2752 Salutem
794 2697 830 2750 et
843 2695 1080 2763 Apostolicem

572 2792 868 2849 Benedicttonem.

370 2377 497 2454 Septem
516 2378 743 2439 Decenourum
763 2381 901 2440 Patriae
919 2380 1064 2440 Valesius

297 2937 381 3003 Quae
402 2937 540 3014 plurima
560 2939 679 2999 Nostra
699 2943 770 2998 erat
791 2939 828 2997 de
849 2944 975 3012 vestra,
998 2940 1109 3002 dilecti
1130 2936 1191 3006 filii,
1225 2987 1226 2994 ,

234 3030 390 3108 religione
410 3031 619 3102 existimatio,
636 3032 765 3090 eandem
788 3051 868 3092 nune
882 3035 1055 3109 praeclaris
1078 3030 1190 3096 meritis

235 3124 283 3184 ita
303 3125 451 3198 auxistis,
468 3129 503 3184 ut
525 3125 612 3183 vobis
627 3125 825 3198 nominatim,
842 3132 1028 3205 vestraeque
1049 3124 1190 3207 reipubli-

235 3236 288 3278 cae
310 3236 370 3276 non
392 3219 493 3277 solum
515 3217 718 3294 apostolicam
740 3222 1050 3294 commendationem,
1068 3227 1120 3284 sed
1136 3222 1190 3280 siu·

236 3310 378 3388 gularem
411 3311 506 3370 etiam
536 3311 712 3386 gratiarum
744 3313 898 3374 actionem
931 3316 1039 3376 deberi
1067 3334 1087 3375 a
1106 3311 1190 3378 Nouis

236 3421 450 3480 agnoscamus.
465 3404 531 3462 Hoc
552 3403 683 3462 officium
706 3405 795 3464 vobis
817 3423 873 3482 per
893 3407 985 3468 hasce
1006 3409 1133 3468 litteras
1152 3405 1190 3464 lu·

235 3495 450 3556 oulentissimo
472 3513 545 3554 eane
566 3495 672 3555 animo
700 3497 926 3573 persolvimus,
949 3503 1028 3578 quod
1052 3501 1190 3562 nimirum
