2430 4202
187 313 348 379 labuntur.
361 322 387 380 Ι.
396 319 467 381 331.
477 319 643 382 ·Admissa
653 317 981 398 religionislibertate
992 321 1025 381 in
1037 322 1168 396 Gallia,

189 411 345 473 catholica
365 415 471 473 tamen
494 413 560 472 sola
580 413 846 475 venenarius.

248 506 493 566 Reservationes
505 523 611 566 omnes
624 506 823 567 dioecesanas
832 510 1033 584 peecatorum
1045 512 1083 569 et
1096 527 1174 568 cen-

124 599 125 603 ’
190 616 338 661 surarum
354 618 427 660 num
442 601 612 678 Episcopus
625 599 750 662 iuratus
769 601 884 660 tollere
906 602 1020 678 possit.
1032 603 1075 662 IL
1095 602 1169 664 142.

140 759 143 764 ,
250 695 410 770 Responsa
423 693 587 754 Pontificis
608 693 670 753 etsi
692 693 853 754 nonnullis
874 696 999 755 tantum
1021 696 1174 772 petenti·

188 787 246 846 bus
267 785 390 846 tradita
415 784 482 846 sint
495 789 625 865 propter
637 786 814 864 peculiares
829 804 1032 848 aerumnosas
1053 789 1173 868 singu-

190 877 293 938 lorum
314 878 580 955 circumstantias,
595 881 777 940 adiumento
798 884 904 943 tamm
926 881 1170 959 quammaxime

188 989 256 1033 esse
276 974 593 1053 possuntEpiscopis‚
609 973 663 1052 qui
684 973 710 1034 si
732 974 817 1036 forte
838 975 871 1034 in
893 977 1019 1035 eosdem
1042 975 1171 1036 incide-

189 1066 390 1140 molossus,
420 1067 538 1129 habent
564 1069 647 1128 unde
674 1068 817 1146 regulam
844 1068 1012 1130 desumant
1040 1069 1170 1130 tutissi-

188 1173 283 1219 mam.
300 1161 340 1220 ΙΙ.
360 1159 413 1220 83.

249 1252 451 1314 Retractatio
464 1252 609 1316 iacienda
629 1272 649 1314 a
668 1253 784 1316 iuratis
805 1258 975 1332 antequam
994 1255 1169 1316 absolvan-

191 1350 257 1407 tur.
272 1349 313 1408 ΙΙ.
326 1347 537 1414 66.-Quando
559 1348 661 1425 possit
681 1348 815 1408 differri.
831 1349 883 1410 96.
897 1349 1004 1416 -Quid
1022 1349 1121 1422 iuris,
1143 1347 1167 1408 si

190 1441 366 1519 denegetur
387 1440 438 1502 vel
461 1445 629 1502 revocetur
649 1445 720 1521 post
740 1447 899 1520 acceptam
913 1443 1158 1504 absolutionem.

193 1533 266 1595 150.
282 1566 299 1580 -
315 1535 396 1602 Quid
418 1538 573 1614 agendum
595 1540 630 1597 ut
651 1535 777 1614 publica
797 1536 852 1598 sit.
866 1538 891 1597 Ι.
904 1537 976 1598 259.

248 1629 494 1689 Revocationem
529 1630 783 1707 Apostolicarnm
817 1630 1053 1702 Litterarum,
1093 1646 1159 1708 quas

190 1719 269 1781 Pius
292 1721 335 1781 Vl
357 1721 487 1782 dederat
507 1722 593 1784 circa
613 1722 790 1785 Galliarum
815 1722 964 1801 negotia,
981 1723 1161 1801 praefracte

124 1889 129 1896 .
190 1812 294 1891 exigit
307 1814 519 1876 Directorium
535 1817 771 1893 Exequutivum
787 1817 955 1878 Gallicum:
973 1835 1070 1894 quam
1084 1820 1163 1878 Pon-

100 1921 104 1928 ’
190 1906 271 1968 tifex
293 1907 425 1969 fortiter
446 1911 481 1970 et
501 1913 684 1971 constanter
705 1913 850 1988 denegat.
868 1913 908 1971 ΙΙ.
925 1911 997 1971 234.

248 2001 466 2062 Rhedoncnsis
490 2002 663 2094 Episcopus
691 2006 817 2064 recusat
844 2002 1014 2063 instituere
1046 2022 1160 2065 novum

188 2092 375 2172 Episcopum
405 2096 687 2173 Oorosopitensem.
715 2097 792 2160 Eius
820 2115 857 2158 ea
883 2099 920 2156 de
947 2097 1160 2158 recreationis

190 2187 270 2249 laus.
284 2190 309 2249 Ι.
323 2189 374 2251 59.
384 2221 396 2234 -
406 2191 545 2268 Egregia
565 2191 633 2252 eine
654 2191 813 2268 responsio
829 2191 868 2252 ad
883 2191 929 2252 Le
943 2189 1005 2251 Coa
1031 2193 1159 2269 pseudo

194 2281 330 2343 electam
352 2285 390 2344 ad
413 2284 626 2362 episcopatum
648 2286 687 2346 de
709 2283 797 2346 l'Iaie
822 2285 963 2346 Vll-aine.
981 2287 1006 2346 Ι.
1025 2287 1100 2348 132.

253 2376 440 2436 Rhemensis
464 2378 728 2455 Archiepiscepus
756 2379 998 2438 instructionem
1022 2395 1043 2438 a
1068 2396 1102 2438 se
1125 2397 1158 2439 aa

189 2465 371 2543 provinciae
395 2486 468 2531 suae
489 2471 651 2549 Episcopis
675 2472 894 2532 concinnatam
915 2470 1006 2532 Sedis
1028 2473 1159 2549 Aposto-

192 2559 272 2620 licae
293 2559 408 2621 iudicio
430 2563 569 2625 subiicit.
587 2567 627 2625 11.
646 2565 717 2626 124.

251 2651 354 2732 Rigor
374 2655 522 2734 antiquae
543 2657 703 2719 Ecclesiae
724 2675 802 2736 erga
822 2656 954 2718 clericos
976 2655 1158 2718 schismati-

191 2767 245 2809 cos
266 2749 319 2810 vel
340 2748 527 2811 haereticos.
544 2753 570 2812 1.
583 2752 654 2812 318.
667 2756 726 2813 -Α
746 2752 885 2816 Nicaeae
906 2754 921 2813 Ι
942 2750 1080 2812 concilio
1100 2751 1158 2812 dis·

192 2842 370 2922 pensatoric
392 2844 567 2905 emollitus.
584 2847 609 2906 Ι.
625 2847 697 2907 319.

252 2938 514 3015 Rothomagensis
534 2937 795 3017 archiepiscopus
824 2936 1024 3017 (Dominicns
1051 2935 1158 2999 Cardi-

192 3031 275 3092 nalis
296 3031 568 3110 Rupeiucaldius);
584 3032 705 3092 Summi
725 3031 890 3092 Pontificis
904 3031 941 3091 ad
956 3047 1028 3090 eum
1044 3030 1156 3108 episto-

192 3124 253 3185 lae.
278 3127 304 3186 Ι.
328 3125 378 3198 19,
393 3125 446 3201 62,
461 3125 533 3198 257,
560 3125 631 3185 297.
648 3127 716 3185 -Π,
734 3123 805 3199 105,
823 3123 892 3184 151.
907 3122 979 3184 293.
995 3154 1009 3168 ·
1020 3123 1156 3184 Admini-

193 3220 354 3279 strandam
375 3218 509 3297 suscipit
529 3217 799 3283 Constantiensem
820 3217 1005 3278 Ecclesiam.
1029 3215 1154 3278 11293.

252 3312 498 3391 Rupefucaldins
512 3313 688 3376 Oardinalis
702 3311 882 3374 Dominicns
894 3311 1156 3389 Archiepiscopus

193 3405 476 3483 Rothomagensis3
501 3405 665 3467 Pontificis
693 3406 732 3466 ad
760 3420 831 3466 eum
860 3404 1025 3483 epistolae.
1051 3407 1077 3467 Ι.
1109 3407 1153 3480 19,

190 3497 779 3576 mmmmmmm
