2426 4192
626 219 664 234 ..
684 186 746 250 248
766 219 804 234 ..

559 342 716 426 laam
730 344 868 398 verul·

459 479 654 550 Aurum
676 475 968 552 msuuuumlu

276 623 318 682 li.
330 623 370 683 P.
384 623 425 684 D.
439 625 519 685 Pro-
525 625 765 704 mecoenatis,
779 645 835 688 ceu
844 625 969 702 prioris
978 615 1146 681 declaratio

556 739 651 798 super
672 725 868 783 iuramento.

296 856 372 916 (lum
387 859 558 935 acceperim
580 859 696 919 multos
713 857 909 929 existimare,
926 854 1131 914 iuramentum
1142 841 1177 902 ti·

236 949 343 1010 vicum
371 948 446 1027 ipsis
472 953 578 1012 verbis
595 953 630 1017 in
652 951 887 1014 Constitutione
907 943 1111 1027 praescriptis
1128 954 1175 996 uon

235 1057 379 1119 possess
399 1050 562 1121 praestare
583 1047 773 1106 solummodo
796 1063 889 1105 causa
909 1061 998 1103 meae
1018 1033 1177 1100 instructio·

237 1135 299 1209 nis,
315 1153 406 1213 quam
421 1139 620 1202 considerant
634 1141 681 1202 uti
695 1141 873 1201 absolutum
889 1137 937 1198 sui
955 1132 1098 1213 Episcopi
1111 1141 1177 1187 mou

238 1231 365 1304 datum3
381 1233 505 1293 declaro
519 1234 712 1311 quaestionis
733 1234 947 1294 definitionem
964 1229 1125 1308 penderea
1138 1223 1176 1279 do·

237 1323 335 1384 cretis
360 1325 393 1384 S.
413 1327 514 1402 Sedis,
536 1346 615 1405 quae
637 1331 771 1388 nondum
797 1324 988 1386 sententiam
1006 1333 1097 1381 'suam
1115 1313 1177 1374 solt·

235 1416 356 1477 mniter
375 1418 601 1481 manifestavit.
616 1421 732 1480 Deinde
753 1420 896 1490 declaro,
922 1435 971 1476 me
993 1415 1124 1475 noluisse
1139 1405 1176 1464 ab

234 1510 340 1570 solute
365 1511 543 1590 praecipere
564 1516 621 1573 aut
642 1513 855 1590 praescribere
872 1509 995 1570 unicam
1012 1507 1174 1570 formulam,

236 1619 302 1682 qun¹
319 1606 387 1666 sola
406 1623 513 1666 omnes
529 1607 577 1666 uti
599 1609 742 1668 debeant:
759 1611 795 1668 at
815 1606 916 1666 solum
939 1603 1092 1683 sategisse
1109 1600 1175 1659 illun

236 1700 433 1761 concordiam
455 1717 644 1778 procurare,
667 1688 745 1779 uuae
770 1699 898 1779 spiritui
924 1703 1054 1759 nostrae
1075 1697 1175 1756 sanctu

236 1793 403 1872 religionis
430 1797 507 1856 adeo
532 1797 698 1857 conformis
725 1801 786 1870 est,
809 1799 846 1856 ut
871 1795 978 1854 omues
1010 1793 1076 1853 sint
1100 1791 1175 1850 onia

239 1889 321 1948 lucii
341 1897 573 1950 doemonum
594 1892 778 1950 eorundem.
799 1891 1014 1967 Quapropter,
1038 1882 1175 1946 dummodo

236 1984 449 2062 unusquisque
477 1987 641 2061 promptus
673 1983 714 2044 sit
741 1984 773 2042 in
807 2001 881 2044 casu
910 1981 1061 2043 solemnis
1089 1974 1176 2038 defini

237 2077 335 2137 tionis
357 2077 483 2137 obedire
512 2076 646 2136 decretis
668 2077 701 2136 S.
717 2075 826 2144 Sedis;
849 2093 935 2137 suom
963 2074 1091 2135 interim
1111 2065 1175 2145 sequi

237 2171 358 2249 poterit
385 2170 574 2248 peculiarem
604 2171 908 2248 sententinm‚·quiu
935 2173 1040 2230 tumen
1068 2167 1175 2227 nlicrnu

240 2263 380 2340 opinioni
402 2268 506 2325 notam
523 2265 620 2325 ullam
642 2266 761 2326 inurat:
778 2270 871 2342 atque
888 2268 924 2324 ut
945 2263 1053 2324 verbis
1074 2265 1176 2321 nunu

240 2357 273 2416 δ’.
290 2357 384 2418 Pauli
405 2362 627 2438 unusquisque
649 2361 790 2420 abundet
814 2363 851 2419 in
872 2377 968 2420 sensu
990 2375 1058 2420 suo.

800 2453 953 2514 Octavius
972 2452 1066 2512 Booti

653 2551 915 2629 Archiepiscopus
935 2550 1137 2611 Nazianzenus

741 2646 1041 2722 Pro-Vicesgerens.

531 2823 921 2994 RI‘PRAEPIliZIONE

403 3077 497 3139 Della
518 3079 656 3139 secondo
675 3077 861 3137 Istruziooc
882 3085 1040 3139 macuta

485 3171 546 3231 dal
562 3169 603 3230 R.
618 3169 660 3229 Ρ.’
674 3169 714 3229 D.
737 3169 953 3248 Vioepcreote.

302 3298 386 3372 Depo
407 3311 484 3356 aver
504 3296 566 3357 Noi
587 3295 732 3355 ricevuto
754 3293 806 3353 dal
820 3294 853 3353 S.
866 3295 971 3353 Padre
990 3295 1015 3354 il
1036 3287 1176 3354 Breuetd

182 3467 190 3478 ,
244 3388 282 3448 16
303 3391 442 3451 Genucio
464 3390 536 3450 ooll‘
549 3389 657 3449 ordine
678 3389 710 3447 di
731 3388 798 3447 iare
819 3389 857 3447 ad
879 3405 1003 3464 ognuuo
1024 3393 1097 3447 uota
1115 3379 1176 3444 lad

242 3478 303 3542 Inui
324 3482 491 3555 decisione,
514 3482 543 3543 oi
563 3482 718 3542 crediomo
739 3481 771 3538 in
793 3479 915 3559 preciso
932 3483 1048 3540 dovere
1070 3480 1099 3539 di
1117 3482 1176 3538 tras·
