2430 4202
45 302 197 378 emptione
219 305 254 363 st
274 304 467 366 venditione.
481 307 520 366 ΙΙ.
539 303 608 365 130.
621 305 730 366 -Num
745 302 841 364 liceat
858 303 1005 363 ecclesia-

47 395 129 454 sticis
149 396 293 474 recipcre
316 402 359 458 les
380 402 456 460 bons
477 399 613 459 dcliures
634 415 675 458 cre
694 400 952 475 representation
965 397 1005 457 de

49 489 126 554 leurs
141 493 311 566 panciores.
331 493 399 554 142.

101 583 294 645 Braueadori
313 587 456 647 Caesaris
476 586 711 664 archiepiscopi
735 585 878 646 Nisibeni
899 584 1002 645 oratio

47 671 73 730 iu
94 673 205 736 funere
228 678 279 738 Pii
302 681 500 742 V1.11.259.

100 768 272 836 Brunensis
297 772 465 850 Episcopus
486 772 677 852 (Mathias);
701 772 821 834 Summi
841 772 1004 834 Pontificis

44 860 78 918 cd
98 880 168 922 eum
183 863 331 941 Epistola
352 871 388 926 de
409 867 651 946 obligationibus
673 866 891 944 religiosorum
912 885 930 926 a
952 885 1005 944 po·

47 957 156 1017 testate
183 959 275 1020 civili
296 977 543 1039 suppresscrum.
560 964 585 1022 Ι.
602 962 652 1024 40.

97 1051 338 1130 Burdigalensis
370 1055 631 1133 Arobiepiscopus
652 1055 865 1131 Hieronymus
885 1053 1000 1132 Μανίας

45 1140 91 1200 Pii
113 1145 323 1222 v120spist01a
344 1149 381 1208 ad
404 1165 485 1208 eum.
503 1149 595 1210 126.

100 1238 209 1298 Barke
230 1241 409 1300 Edmuudus
429 1242 559 1318 egregia
572 1259 667 1318 opera
681 1242 827 1318 evulget:
850 1241 918 1302 eius
938 1229 1016 1302 stu·¹

45 1328 126 1390 dium
147 1350 228 1411 erga
248 1335 372 1394 exsules
394 1337 427 1394 et
448 1335 621 1396 catholicos
639 1334 786 1412 Angliee.
803 1336 842 1395 11.
856 1333 907 1394 50.

508 1527 533 1583 0

100 1710 290 1778 Gadoneusis
310 1709 536 1776 Universitatis
558 1712 677 1772 Rector
698 1714 732 1770 et
753 1710 915 1788 Syndacus
936 1709 1004 1770 lau·

43 1801 154 1872 dautur
175 1805 216 1864 ob
240 1803 486 1869 declarationem
514 1803 631 1864 editam
657 1803 694 1862 de
719 1803 819 1863 civico
846 1803 1005 1864 iuramen-

47 1897 86 1954 to.
100 1897 124 1958 Ι.
142 1898 217 1959 209.

101 1990 284 2051 calaritano
293 1989 538 2066 ¹Arcbiepiscopo
552 1987 720 2068 epistolam
731 1988 843 2050 scribit
856 1988 931 2050 Pius
946 1990 1000 2050 VI.

99 2176 229 2254 (taleppi
250 2177 442 2240 Laurentius
467 2177 636 2253 respondet
660 2175 887 2238 commissariis
914 2174 1006 2236 Dire-

45 2269 135 2328 ctorii
156 2271 373 2348 exsequutivi‚
389 2271 511 2331 nomine
526 2270 577 2330 Pii
598 2272 652 2330 VI.
671 2272 708 2330 ΙΙ.
726 2272 796 2332 234:

100 2363 281 2424 Celsiniani
294 2364 325 2422 iu
341 2365 447 2426 Gallia
460 2364 631 2444 perniciem
646 2355 1007 2441 religioniscatbolicae

46 2455 230 2519 moliuntur.
244 2459 282 2517 II.
296 2459 337 2520 23
350 2462 383 2518 et
398 2476 461 2535 seq.
474 2489 493 2504 ·
502 2457 644 2520 Libellos
658 2458 824 2518 seditiosos
839 2461 1005 2535 spargunt,

44 2550 75 2608 et
87 2551 396 2629 pseudophilosophis
418 2570 449 2612 se
470 2551 657 2629 adiungunt.
671 2550 816 2612 Ibid.-A
830 2551 922 2612 Olero
938 2551 1008 2628 gal-

46 2640 141 2705 licano
163 2649 199 2706 et
219 2647 347 2706 Summo
367 2645 521 2706 Pontifioe
544 2645 784 2706 denunciantur.
798 2643 1008 2705 Ibid.-Exse-

44 2740 157 2800 cranda
176 2739 320 2816 Hugonis
342 2738 470 2816 Rosarii¹
493 2739 635 2798 assertio.
666 2737 745 2796 Ibid.
759 2753 864 2813 ·prae
892 2734 1007 2796 ceteris

46 2824 214 2892 haereticis
235 2831 379 2892 violenti.
397 2832 438 2891 11.
454 2832 506 2904 28,
518 2831 569 2891 29.

102 2923 331 2984 (bamberiensis
355 2922 514 2984 Ecclesiae
539 2919 678 2998 Capituli
706 2918 902 2982 cathedralis
929 2917 1007 2978 tides

46 3014 78 3072 et
97 3018 287 3078 constantia.
304 3020 345 3078 11.
363 3018 414 3078 62.

102 3110 251 3182 Canonici
272 3111 463 3182 cathedralis
485 3109 608 3170 nonnisi
626 3108 840 3168 consultativa
858 3104 1009 3182 suffragia

46 3196 129 3263 ferre
149 3209 290 3284 poscunt.
315 3208 340 3266 Ι.
354 3207 549 3268 tib-Eorum
571 3201 706 3262 utilitas.
730 3203 755 3261 Ι.
775 3199 1006 3271 Ibit-Eorum,

47 3295 258 3377 psallendique
280 3318 353 3360 usus
375 3317 478 3360 osores
500 3297 539 3358 ab
559 3294 719 3355 immundo
734 3292 849 3371 spiritu
865 3290 1006 3370 impulsi.

47 3384 124 3448 Ibid.
141 3397 174 3452 et
195 3411 258 3470 seq.

104 3481 322 3560 Capitulorum
344 3484 515 3563 illegitima
537 3479 727 3560 suppressio·
740 3481 766 3539 I.
782 3478 935 3553 101,102.
