2424 4196
396 209 576 272 ..105-

402 371 572 428 xxm.

303 491 434 535 nrnncro
454 492 537 535 runo
558 491 678 536 uosrno

47 646 238 710 DOMINIOO
259 649 292 710 S.
308 652 347 712 R.
363 653 400 712 Ε.
416 651 691 742 PRESBYTERO
711 653 938 714 OARDINALI

328 744 644 806 RUPEFUOALDIO

209 873 458 988 Arobiepiscopo
479 911 732 991 Rothomayeasi

221 1073 392 1155 PIUS
444 1075 636 1154 PAPA
686 1077 754 1155 VI.

64 1269 202 1328 Dileote
215 1269 287 1328 Fili
300 1271 448 1342 Noster,
463 1271 615 1332 Salutem
630 1277 666 1332 et
679 1275 917 1344 apostolieum

337 1367 634 1426 Benedictlonem.

65 1531 113 1589 Ex
135 1527 199 1588 tuis
221 1529 413 1604 peracceplis
434 1528 566 1602 litteris,
586 1530 700 1590 dilecte
714 1531 780 1592 Fili
794 1534 923 1604 Noster,
939 1532 972 1592 in

18 1621 117 1696 quibus
137 1621 275 1682 faustum
297 1621 480 1698 felicemque
502 1627 658 1682 recentem
681 1624 762 1683 huno
784 1643 898 1685 annum
917 1644 973 1703 pro

18 1719 62 1774 tua
81 1714 202 1792 pietate
215 1713 312 1776 Nobis
327 1714 518 1791 adpreoeris,
531 1734 566 1776 ec
581 1714 743 1792 singulare
758 1722 846 1778 tuum
860 1720 892 1778 in
907 1721 974 1780 Nos

16 1808 144 1869 studium
159 1809 414 1884 perspectamque
429 1807 490 1866 iam
506 1808 538 1868 in
553 1809 585 1868 S.
602 1810 713 1869 Sedem
727 1811 972 1888 observantiam,

18 1922 67 1962 non
89 1907 155 1962 tam
171 1919 210 1962 ex
224 1903 335 1962 horum
359 1902 479 1962 dierum
502 1921 599 1976 more,
615 1922 707 1980 quam
722 1923 763 1966 ex
780 1907 891 1967 intimo
906 1908 975 1968 ani-

17 1999 52 2056 mi
71 2015 163 2056 sensu
186 1995 364 2062 confirmas,
381 1995 565 2055 incredibile
579 2016 671 2073 qnam
687 1998 775 2058 varie
792 2000 895 2062 affecti
910 2001 976 2062 fue·

16 2091 120 2164 rimus3
144 2089 280 2167 primum
304 2088 447 2148 dolenter
468 2090 505 2148 ob
527 2093 576 2150 tot
595 2095 761 2169 tantosque
780 2111 868 2154 casus
889 2099 973 2169 tuos,

17 2203 76 2244 cum
98 2203 138 2244 ex
155 2175 223 2243 'uua
246 2182 380 2242 civitate
402 2181 433 2242 in
456 2183 550 2245 aliam
574 2185 713 2263 migrare
730 2189 853 2265 cogeris
868 2192 904 2250 ad
923 2192 976 2250 ad·

16 2266 171 2338 venientes
200 2267 304 2337 hostes
333 2275 553 2349 declinandos3
577 2280 699 2338 tumet
727 2280 882 2355 iucunde,
905 2301 975 2344 cum

16 2372 94 2432 vires
114 2371 172 2433 tibi
195 2369 227 2428 in
249 2369 443 2446 perferendis
466 2373 514 2429 tot
535 2372 693 2430 aerumnis
707 2376 770 2433 Deo
785 2376 879 2435 dante
895 2375 977 2436 suill-

16 2483 90 2537 cere,
111 2469 145 2526 et
165 2465 278 2523 mirem
293 2462 341 2523 tui
363 2462 557 2539 praestantis
571 2463 670 2523 animi
684 2464 715 2524 in
735 2467 909 2530 christiana
924 2487 977 2546 pa·

16 2558 122 2619 tientia
135 2557 309 2632 ceterisque
323 2572 363 2615 ex
377 2554 530 2634 religione
545 2558 695 2632 profectis
710 2561 886 2623 virtutibus
901 2582 976 2624 con-

16 2653 157 2712 stantiam
178 2652 227 2710 ita
247 2650 448 2723 miraremur,
473 2654 509 2711 ut
531 2651 651 2728 gratias
666 2670 830 2730 ageremus
844 2658 975 2718 Domino

16 2746 123 2806 Nostro
143 2747 213 2805 Iesu
238 2743 388 2818 Christo,
410 2744 463 2820 qui
485 2761 525 2802 ex
546 2744 623 2821 ipsis
646 2745 905 2809 tribulationibus
927 2752 977 2812 tot

18 2838 176 2917 insignium
200 2837 342 2897 virorum
364 2838 491 2908 merita,
514 2837 627 2915 quibus
644 2841 818 2901 Ecclesiam
833 2843 978 2903 illustra·

19 2936 71 3003 ret,
83 2934 113 2992 in
127 2932 230 2993 lucem
246 2931 406 3003 eduxerit,
416 2930 600 3009 publiceque
614 2935 652 2993 ad
664 2935 822 2995 Fidelium
838 2934 976 2996 omnium

17 3023 218 3087 imitationem
241 3027 450 3102 proposuerit.

69 3119 155 3180 Nihil
177 3134 271 3196 porro
292 3121 361 3190 est,
385 3116 499 3178 dilecte
522 3119 589 3178 Nili
617 3122 752 3191 Noster,
775 3119 857 3196 quod
882 3119 979 3181 Nobis

18 3212 192 3284 gratuleris,
215 3215 373 3287 tamqnam
395 3212 459 3272 Nos
480 3211 651 3271 Ecclesiam
673 3212 800 3274 Nostris
814 3211 978 3274 conatibus

18 3303 106 3364 tutati
127 3305 239 3377 simus,
261 3305 439 3381 Nostraque
455 3303 626 3381 vigilantia
646 3324 714 3366 eam
730 3308 881 3366 haetenus
895 3306 979 3368 obti-

17 3399 113 3459 nuerit
133 3400 210 3458 haec
232 3399 327 3458 Sedes
350 3416 468 3475 paoem,
491 3417 552 3475 qua
572 3398 637 3459 frui
659 3418 676 3459 e
697 3400 869 3478 longinquo
891 3401 979 3462 vide-

16 3503 90 3550 mur.
112 3491 241 3553 Utinam
264 3509 325 3568 pax
346 3490 453 3569 aliqua
474 3493 600 3552 tandem
622 3493 835 3568 illucesceret,
859 3499 893 3556 et
918 3511 977 3554 non
