2488 4204
76 354 136 394 num
156 336 188 394 in
211 335 344 395 dioecesi
367 335 510 396 ellectum
532 339 773 414 cousequantur.
798 338 893 412 utque
919 351 1025 394 omnes

72 429 274 489 Ecclesiastioi
296 429 418 490 Galliae
438 432 565 491 exsules
587 436 652 491 tam
668 432 843 492 saeculares
864 449 955 508 quam
977 447 1028 488 re·

70 522 199 598 gulares,
222 522 275 598 qui
291 521 324 580 in
340 541 376 582 ea
397 526 556 602 receptum
573 509 729 600 obtinent,
746 526 875 604 perinde
889 543 925 586 ac
940 525 1025 605 ipsae

67 615 301 675 communitates
327 616 494 694 religiosae
516 622 635 679 certam
657 637 764 678 earum
785 623 1024 694 accuratamque

69 709 209 770 notitiam
241 710 396 783 habeant,
419 710 517 770 etsie
540 729 627 771 nemo
657 729 800 790 umquam
826 709 1026 790 ignorantiae

65 805 260 864 excusatione
283 808 318 864 ut
321 804 331 862 i
354 805 472 866 valeat.
496 808 600 881 Atque
622 807 669 867 ita
690 813 752 867 etc.

321 901 438 958 Romae
450 899 556 960 XXVI
571 899 708 960 Ianuarii
723 899 940 963 MDOCXOlll.

204 1184 270 1250 EX
293 1085 570 1255 AUDIENTIIZ
584 1185 882 1256 seuerissliss

248 1367 375 1424 Habito
396 1367 449 1425 die
470 1365 514 1425 28
534 1367 713 1426 Februarii
735 1365 831 1445 1793.

121 1538 268 1598 Precibus
290 1541 328 1600 R.
346 1541 382 1599 D.
400 1539 536 1600 Richard
560 1539 695 1598 Paroehi
715 1539 865 1598 dioecesis
887 1538 1025 1596 Nemau-

60 1632 182 1702 sieusis,
199 1633 252 1709 qui
272 1633 304 1692 in
316 1634 374 1693 hac
385 1633 507 1693 Galliae
521 1633 815 1712 perturbatioue‚ue
829 1632 962 1692 civicum
979 1632 1027 1690 in-

63 1730 236 1785 ramentum
250 1731 437 1802 praestaret,
449 1741 546 1803 neque
558 1727 803 1787 communicaret
814 1725 889 1786 filiis
900 1724 1022 1792 alienis,

63 1837 190 1894 quornm
206 1837 240 1877 os
262 1819 423 1894 loquutum
447 1821 496 1878 est
517 1822 708 1890 venitatem,
724 1823 758 1879 et
771 1821 902 1880 dextera
916 1835 1022 1876 eorum

68 1915 191 1973 dextera
206 1910 399 1988 iniquitatis,
415 1931 434 1972 a
448 1913 554 1989 patria
573 1931 608 1974 ao
623 1911 756 1972 dioecesi
771 1910 933 1989 profugus,
946 1911 1026 1970 Sau-

70 2005 182 2066 ctitutis
204 2006 287 2065 Suae
308 2005 457 2065 beneflcio
483 2009 665 2067 Ravennam
690 2024 722 2066 ae
744 2004 884 2082 recepit,
906 2003 1025 2080 suppli·

67 2101 159 2160 cautis
181 2095 281 2159 SSu'ro
301 2099 430 2158 Domino
443 2100 571 2171 Nostro,
588 2103 625 2160 ut
644 2099 787 2159 concives
810 2115 882 2158 suos
903 2115 1026 2157 omnes-

64 2211 114 2268 que
137 2194 247 2253 fideles
273 2193 411 2253 eiusdem
433 2193 581 2253 dioecesis
607 2192 841 2254 Nemausiensis
862 2191 1024 2269 spirituali

64 2286 331 2363 Indulgentiarum
347 2287 458 2346 solatio
480 2287 511 2344 in
535 2287 645 2358 tantis,
659 2286 689 2344 in
713 2286 825 2362 quibus
841 2289 1023 2354 versantur,

63 2381 216 2460 angustiis
237 2382 418 2452 recrearet,
442 2382 601 2440 Sanctitas
622 2381 704 2450 Sua,
724 2398 802 2456 quae
824 2378 903 2438 nihil
926 2380 1025 2456 magis

61 2477 163 2551 optat,
187 2490 279 2550 quam
308 2475 489 2533 constantes
516 2472 687 2533 catholicae
710 2472 867 2532 Ecclesiae
888 2472 970 2530 filios
991 2472 1024 2530 iu

63 2568 116 2627 hac
142 2572 320 2643 temporum
349 2567 523 2626 acerbitate
553 2571 684 2644 paterno
714 2583 820 2627 amore
846 2564 1022 2641 complecti,

63 2660 237 2721 huiusmodi
260 2660 403 2738 precibus
424 2661 556 2737 henigne
571 2678 722 2732 annuens,
736 2661 773 2719 ad
789 2658 851 2717 mei
865 2657 1025 2717 infrascri-
1132 2679 1138 2692 ·

63 2757 105 2830 pti
129 2755 331 2826 relationem,
347 2755 489 2813 omnibus
503 2759 537 2813 et
550 2755 792 2831 quibuscumque
811 2751 931 2813 Christi
952 2751 1027 2810 flde-

44 2847 140 2912 ,libus
163 2847 314 2907 dioecesis
334 2845 580 2920 Nemausiensis,
596 2846 649 2922 qui
669 2863 724 2905 nec
739 2844 909 2904 iuramenti
930 2844 1025 2904 civici

63 2941 210 3004 foeditate
232 2959 264 3001 se
287 2941 479 3018 polluerunt,
495 2959 592 3015 neque
607 2940 744 3000 alienum
758 2944 851 3014 atque
866 2937 1025 2996 intrusum

64 3045 217 3112 pastorem
233 3036 371 3112 sequuti,
385 3033 632 3094 communionem
648 3033 796 3094 catholici
810 3031 977 3092 Antistitis
990 3050 1025 3091 ao

63 3131 255 3192 vicariorum
270 3130 337 3188 eius
352 3145 473 3205 semper
494 3129 708 3199 retinuerunt,
724 3127 897 3186 clementer
918 3124 1024 3185 indul·

63 3228 169 3298 get,ut
180 3222 447 3300 quotiescumque,
461 3222 486 3281 si
499 3221 590 3298 gnari
603 3221 719 3298 legere,
729 3218 872 3280 Litanias
886 3219 1023 3278 maiores

62 3333 134 3390 quas
155 3315 320 3393 appellant
340 3315 526 3374 Sanctorum
548 3331 617 3371 oum
639 3311 782 3372 omnibus
804 3311 947 3387 precibus
969 3311 1025 3373 ad-

63 3409 167 3482 nexis,
191 3407 218 3466 si
239 3424 317 3467 vero
338 3406 444 3484 legere
466 3404 607 3466 nesciant
628 3404 744 3481 septies
766 3402 939 3464 orationem
960 3406 1027 3464 Do·

63 3503 205 3566 miricam
227 3505 260 3563 et
286 3501 510 3562 salutationem
532 3501 718 3578 Angelioam
746 3504 841 3578 atque
868 3518 930 3561 una
957 3501 1026 3560 vioe
