2424 4196
610 195 769 254 ..32-

207 309 263 366 tur
284 303 346 364 iam
367 300 510 379 pluribus
530 301 677 360 oneribus
700 317 821 377 pressos
842 302 880 359 ad
902 300 1005 362 iustas
1026 301 1167 360 adversus

207 401 273 464 Nos
293 397 438 474 querelas
458 395 645 466 excitemus,
668 395 793 454 omnino
814 395 957 470 cogimur
980 393 1070 454 novis
1102 394 1168 454 emi·

209 493 324 572 gratis,
346 491 400 567 qui
422 490 511 550 exire
533 489 571 549 ab
592 489 725 550 Etruria
745 489 906 556 iubentur,
922 488 1044 549 aditum
1060 492 1100 549 ad
1114 491 1169 550 Nos

208 585 425 665 praecludere.
455 585 574 644 Verum
604 601 641 642 ne
672 583 836 642 videamur
855 599 982 654 omnes,
1010 599 1088 658 quos
1113 583 1169 658 ipse
1208 647 1209 654 χ

209 684 376 758 tantopere
398 679 605 750 commendas,
622 677 800 745 excludere,
818 681 951 751 paterna
965 695 1040 735 eane
1059 676 1169 752 pietate

209 771 358 834 commoti
380 770 559 832 inducimur
579 772 748 830 eorundem
764 775 886 846 partem
903 770 1040 846 aliquam
1057 787 1169 846 quoquo

209 870 301 928 ruodo
321 866 512 938 admitter03
533 882 587 924 eos
605 864 738 935 scilicet,
759 865 814 942 qui
840 863 1057 923 Ecclesiastici
1084 869 1168 934 sunt,

209 981 246 1024 ao
265 962 365 1033 alias,
393 960 419 1020 si
441 959 494 1036 qui
516 961 648 1018 arunte
670 960 796 1020 Nostris
817 960 849 1017 in
871 959 978 1019 Gallia
1000 958 1169 1018 Ditionibus

209 1055 347 1135 profugi,
370 1069 504 1130 quorum
525 1051 695 1128 peculiaris
710 1058 760 1112 est
780 1071 799 1111 a
812 1053 909 1114 Nobis
924 1053 1069 1112 habenda
1083 1053 1166 1112 ratio.

210 1152 394 1210 Ceterorum
417 1147 578 1224 indignam
600 1152 718 1206 sortem
739 1147 899 1218 deflemns3
922 1149 1083 1222 Deumque
1107 1146 1170 1208 assi·
1209 1217 1210 1224 ἵ

210 1245 270 1302 due
292 1245 509 1318 deprecamur,
533 1244 569 1298 ut
590 1243 669 1316 quod
694 1242 757 1301 Nos
773 1259 832 1298 non
848 1241 1000 1310 valemus,
1015 1240 1094 1300 illos
1115 1244 1170 1318 lpse

209 1355 284 1398 suae
312 1335 541 1411 omnipotentis
570 1333 807 1394 misericordiae
829 1333 976 1394 subsidiis
998 1335 1126 1408 foveat,
1144 1351 1170 1394 ae

107 1507 112 1520 Ι
210 1433 379 1494 sustentet.
408 1431 456 1488 Ex
486 1427 534 1486 his
563 1428 691 1486 minime
714 1428 894 1488 dubitamus
914 1427 989 1504 quin
1016 1429 1093 1488 Tibi
1117 1447 1172 1506 per

210 1525 361 1596 suadeas,
384 1521 586 1581 dilectissime
608 1519 639 1578 in
662 1519 788 1580 Christo
810 1520 873 1580 Fili
894 1522 1026 1592 Noster,
1048 1540 1173 1582 summo·
1210 1597 1211 1601 Ἰ

210 1636 284 1697 pere
307 1618 385 1676 Tuis
407 1619 473 1680 Nos
495 1615 576 1677 affici
597 1616 836 1693 permoveriquo
857 1617 962 1686 curis,
991 1616 1131 1694 Tibique
1149 1617 1172 1677 in

209 1712 345 1789 amplius
366 1708 498 1771 Paterni
513 1709 640 1769 Amoris
655 1713 889 1786 argumentum,
906 1708 1105 1786 Divinaeque
1119 1711 1174 1788 opis
1210 1775 1211 1789 ,

209 1805 397 1882 auspicium,
413 1801 617 1881 apostolicam
635 1802 880 1861 benedictionem
895 1802 1117 1863 amantissime
1128 1804 1176 1863 im·

210 1904 385 2053 rergffl
400 1991 516 2050 Romae
531 1989 580 2048 die
596 1990 624 2049 V
639 1987 749 2048 Martii
768 1989 988 2062 MDOCXDIV,
1004 1991 1176 2051 Pontifica-
1205 2064 1206 2094 ,

211 2089 264 2147 tus
276 2086 388 2148 Nostri
402 2101 484 2144 anno
506 2085 577 2144 XX.

615 2207 770 2264 ΠΙΙΙ.

492 2308 736 2380 RESPONSA
765 2309 898 2378 DATA

315 2495 318 2502 ι
352 2458 381 2516 Α
402 2455 673 2516 SANCTISSIMO
696 2454 853 2515 DOMINO
874 2453 1040 2515 NOSTRO

246 2591 293 2653 De
314 2593 447 2652 coasilio
469 2595 602 2652 selectae
625 2587 856 2650 cardinalium
878 2588 1154 2669 &deprecationis

272 2685 410 2744 diversis
431 2684 675 2762 quaestionibus
697 2683 815 2742 eisdem
835 2682 1019 2744 Sanctitate·
1036 2682 1129 2744 Suae

598 2779 784 2854 propositis.

272 2924 462 2987 Sollicitudo
474 2923 613 2982 omnium
626 2922 850 2993 Ecclesiarum,
863 2942 924 3000 qua
936 2925 1098 3000 premitur
1108 2928 1180 2986 San·

214 3019 374 3080 ctissimus
403 3017 551 3078 Dominus
578 3017 697 3076 Noster
719 3017 811 3078 PIUS
833 3017 948 3078 Divina
975 3018 1181 3078 Providentia

213 3115 300 3191 Papa
321 3115 457 3185 Sextus,
481 3115 574 3187 atque
596 3111 709 3168 ardens
731 3110 869 3169 studium
896 3111 934 3169 iis
955 3113 1101 3171 omnibus
1122 3111 1182 3189 opi·

213 3207 355 3280 tulcndi,
371 3207 424 3283 qui
447 3203 633 3264 difficillima
649 3205 730 3263 necti
748 3208 889 3280 tempora
902 3204 1079 3265 Gallicanis
1093 3225 1183 3282 prae-

214 3306 288 3359 sunt
308 3299 477 3368 Ecclesiis,
501 3300 759 3374 quemadmodum
787 3298 818 3356 in
840 3315 934 3356 causa
954 3315 1079 3375 semper
1098 3301 1180 3370 fuit,

101 3409 106 3421 ¹
214 3392 317 3452 itaet
338 3409 419 3450 nunc
439 3392 507 3461 ost,
526 3396 561 3449 ut
582 3390 661 3450 nihil
685 3392 814 3450 omittat
836 3409 963 3463 eorum,
978 3410 1057 3468 quae
1080 3400 1183 3453 osten·

214 3484 337 3545 dantia
354 3484 493 3546 tenebris
508 3485 625 3558 lumen,
641 3503 677 3545 ac
692 3487 945 3561 praemonstrant
961 3485 1043 3543 riam
1055 3487 1181 3562 planam
