2430 4202
84 1159 167 1227 Quod
189 1158 351 1235 praeclaro
373 1177 495 1238 semper
515 1159 646 1222 Divinae
665 1160 845 1238 Sapientiae
863 1157 981 1218 iactum

25 1252 157 1312 consilio
177 1256 238 1326 eet,
261 1256 299 1313 ut
317 1255 571 1331 quandocumque
592 1251 809 1314 vehementior
830 1254 863 1312 et
877 1251 982 1311 acrior

25 1346 56 1405 in
76 1347 310 1407 sacrosanctam
325 1348 497 1407 Ecclesium
511 1347 567 1409 Dei
582 1365 648 1408 sese
662 1345 828 1424 expediret
842 1342 980 1404 hostium

26 1440 182 1518 impetus,
205 1440 327 1519 iamque
354 1442 457 1502 resin
479 1445 621 1502 extremo
649 1441 767 1519 positae
795 1438 981 1498 viderentur

24 1553 92 1596 esse
113 1535 312 1610 discrimine3
335 1540 409 1596 tunc
430 1535 529 1596 maius
544 1536 694 1613 quoddam
710 1534 800 1593 velut
813 1531 981 1608 affulgeret

27 1627 122 1701 sidus,
143 1627 232 1687 ouius
250 1627 320 1688 luce
341 1629 496 1705 ductuque
518 1644 607 1687 suum
627 1628 728 1690 Navis
751 1641 874 1685 cursum
896 1623 982 1682 inter

26 1720 181 1804 luctantes
201 1728 315 1780 ventos
335 1724 443 1781 tenere
464 1724 583 1798 posset:
607 1721 651 1794 id,
673 1723 787 1782 Patres
801 1715 981 1778 eminentis·

28 1813 94 1872 simi
117 1831 152 1874 ao
171 1814 443 1888 reverendissimi,
466 1814 583 1874 iactum
604 1815 662 1874 hoe
683 1813 817 1874 maxime
838 1813 980 1886 tempore

27 1905 142 1979 luisse,
164 1910 231 1966 tum
253 1910 361 1968 vestro
388 1907 420 1966 in
446 1907 556 1986 primis
577 1906 714 1980 iudicio,
735 1907 772 1966 ad
793 1921 869 1981 quos
890 1903 981 1961 tanta

26 2015 96 2073 pars
118 1999 308 2060 discriminis
330 2002 495 2078 pervenire
517 2000 636 2075 debuit,
653 2002 719 2059 tum
734 1998 870 2061 omnium
886 1995 981 2054 bono·

27 2109 92 2153 rum
114 2094 313 2154 consensione
334 2100 528 2172 compertum
548 2098 608 2155 est.
630 2097 710 2157 Nam
741 2110 796 2152 neo
821 2089 982 2152 acerbiora

27 2204 89 2248 essa
118 2187 257 2266 potuisse
286 2191 448 2267 tempora,
466 2207 527 2249 nec
551 2188 759 2250 acerbissimis
787 2181 980 2262 temporibus

27 2283 179 2357 aptiorem
201 2286 236 2343 et
256 2283 509 2360 opportuniorem
528 2283 585 2344 Pio
601 2285 698 2345 Sexto
712 2279 886 2342 desiderari
900 2279 981 2338 Pon-

29 2373 141 2436 tificem
162 2376 318 2454 potuisse;
341 2376 409 2453 quis
429 2377 551 2454 estqui
572 2379 749 2439 iamdudum
772 2377 908 2436 autnon
929 2369 982 2430 ri·

28 2469 133 2545 derit,
156 2473 294 2530 autnon
316 2468 471 2542 senserit,
494 2473 551 2530 aut
578 2472 681 2548 potius
705 2488 760 2530 suo
780 2470 848 2547 ipso
869 2468 977 2536 metu,

28 2561 112 2641 fuga,
129 2563 284 2641 periculo,
297 2580 356 2621 non
372 2561 532 2622 didiceritl
546 2564 750 2632 Quamobrem
773 2561 899 2642 gratias
915 2563 978 2623 Deo

28 2654 149 2731 Optimo
162 2655 301 2716 Maximo
322 2671 457 2715 summas
477 2657 655 2734 agebamus,
671 2675 785 2735 nosque
806 2657 838 2716 in
860 2672 978 2715 summo

30 2762 129 2810 rerum
141 2748 279 2808 omnium
290 2747 461 2807 certamine
473 2750 721 2826 consolabamur,
730 2750 782 2828 qui
795 2751 874 2827 qnod
886 2752 980 2808 antea

31 2842 142 2902 nemini
163 2841 350 2902 Pontificum
371 2841 548 2915 tribuisset,
571 2847 607 2903 ut
628 2844 837 2904 diuturnitate
859 2840 980 2901 Summi

30 2931 199 2998 Sacerdotii
219 2935 360 3015 proxime
380 2937 559 3015 Principem
584 2941 805 3017 Apostolorum
835 2953 980 3015 sequere-

31 3027 96 3103 tur,
118 3030 149 3089 id
172 3030 226 3090 nni
248 3031 305 3091 Pio
326 3030 422 3091 Sexto
443 3033 610 3093 tribueret:
627 3036 719 3110 atque
741 3033 788 3094 ita
809 3031 978 3103 tribueret,

31 3121 63 3178 ut
80 3123 219 3200 prodigii
240 3123 408 3185 manifesta
426 3126 509 3186 ratio
529 3129 563 3186 et
583 3125 670 3185 bonis
691 3129 774 3186 esset
794 3122 980 3185 consolatio-

32 3210 71 3285 ni,
92 3219 126 3277 et
145 3216 296 3295 improbis
316 3217 523 3294 aegritudini,
538 3218 715 3293 molestiae,
730 3219 861 3280 terrori.
874 3218 977 3289 Nunc,

30 3305 274 3373 Eminentisaimi
295 3315 421 3388 Patres,
445 3314 602 3375 etlumen
624 3315 704 3377 illud
725 3316 902 3377 extinctum
916 3317 978 3388 est,

33 3404 62 3461 et
80 3405 140 3483 ipsi
160 3407 198 3467 ad
219 3407 472 3486 complorandam
493 3407 705 3469 calamitatem
726 3409 929 3485 convenistis,
946 3412 981 3470 et

33 3511 82 3557 noe
103 3504 139 3561 ut
159 3518 220 3562 una
240 3502 505 3580 comploraremua
526 3502 732 3565 convocastis.
748 3505 793 3564 At
807 3504 889 3564 enim
910 3503 980 3581 quis
