2430 4202
449 189 628 250 „297-

40 305 132 366 1797
155 304 194 364 14
206 301 533 380 tensuit-Responsa
542 302 582 362 ad
593 301 852 378 quaedamdubia
864 303 940 364 Sodi

150 395 355 475 Apostolicae
383 395 558 474 proposita.
588 398 632 456 De
659 396 873 458 metantibus
901 400 939 458 ad

149 489 349 569 parochiales
368 487 526 550 Ecclesias
539 490 597 548 aut
609 506 731 550 cacam
750 492 807 551 ant
822 493 939 567 plenas

150 583 364 646 adioeoesano
379 581 532 659 Episcopo
544 581 649 644 iurato
663 580 836 656 institutis,
848 581 940 644 iuxta

149 675 285 736 formam
296 673 775 736 schismaticaeconstitutionis.
785 677 833 735 An
844 674 939 735 iidem

150 771 290 846 aliquam
311 766 562 828 iurisdictionem
583 783 704 844 quoquo
717 767 807 827 modo
820 768 936 828 habere

149 860 287 939 possint.
308 861 427 927 Quibus
448 858 555 937 poenis
573 857 796 934 subiiciantur,
811 865 938 940 atquae

149 953 431 1026 satisfactionem
443 953 552 1013 iisdem
560 952 744 1031 exigendae.
754 956 837 1018 Num
849 973 940 1032 prae-

150 1049 255 1110 dictus
266 1047 437 1127 Episcopus
449 1046 581 1112 solemni
595 1047 697 1108 edicto
711 1049 811 1125 possit
825 1050 939 1111 tollere

149 1155 258 1203 omnes
268 1142 465 1209 dioecesanas
477 1143 677 1218 peccatorum
687 1145 722 1202 et
735 1159 938 1204 censurarum

149 1235 386 1296 reservatioues
435 1277 822 1295 ........
858 1251 935 1313 pap.
962 1236 1020 1298 140

149 1333 169 1391 4
190 1328 371 1390 Februarii.
384 1359 399 1374 ·
412 1331 605 1406 Responsum
627 1329 743 1389 Sacrae
764 1329 941 1406 congrega·

148 1423 248 1484 tionis
269 1440 326 1500 pro
348 1422 483 1499 negotiis
511 1421 734 1483 ecclesiasticis
761 1422 939 1485 Gallianum

147 1516 310 1594 proposito
321 1515 425 1576 dubio:
443 1534 517 1576 num
532 1516 628 1576 liceat
642 1515 873 1576 Ecclesiasticis
888 1533 938 1576 re-

147 1609 253 1686 cipere
276 1611 318 1669 les
332 1609 559 1670 boasteliorts
570 1626 611 1670 eo
625 1612 884 1686 representation
897 1611 938 1671 de

148 1706 237 1763 leurs
257 1704 414 1779 passiam
433 1705 485 1762 etc
487 1743 873 1764 ........
917 1722 936 1764 s
960 1703 1018 1764 142

211 1795 474 1857 Februarii-Pii
500 1795 555 1856 VI.
577 1797 617 1854 P.
634 1795 682 1857 Μ.
698 1799 864 1872 Decretunp
878 1813 936 1873 pro

146 1889 304 1950 electione
325 1889 522 1949 Successoris
544 1889 593 1949 sui
650 1931 872 1950 .....
917 1904 935 1947 r
957 1888 1017 1948 144

145 1985 188 2046 26
202 1983 312 2044 Martii
325 2013 346 2028 -
360 1982 593 2060 Indulgentiae,
605 1999 682 2060 quas
697 1985 843 2043 Summus
856 1983 937 2042 Pon·

148 2077 243 2150 tifex,
267 2075 320 2135 vel
340 2075 380 2135 ab
400 2093 437 2135 eo
458 2076 631 2153 Delegatus
652 2075 860 2136 benedicendo
880 2075 940 2136 Oo-

148 2188 255 2242 ronas,
277 2169 424 2242 Rosaria,
449 2170 583 2242 Cruces,
605 2169 799 2243 crucifixos,
821 2185 937 2247 parvas

148 2265 291 2336 Statuas,
313 2262 514 2324 Numismata
539 2262 705 2342 Meclaylie
732 2264 829 2341 vulgo
859 2280 939 2322 nun·

147 2358 275 2434 cupata,
299 2355 484 2434 impertitur
505 2357 624 2418 Christi
645 2357 801 2429 fidelibus,
823 2356 877 2433 qui
892 2373 940 2416 se-

146 2469 219 2512 onm
232 2451 395 2525 habentes,
411 2451 463 2511 vel
479 2451 559 2528 apud
575 2469 608 2510 se
623 2451 799 2512 retinentes
813 2449 938 2527 aliquod

149 2561 190 2605 ex
211 2541 377 2621 praefatis,
399 2542 605 2620 infrascripta
626 2543 678 2621 pia
703 2560 800 2621 opera
826 2543 939 2620 imple·

150 2638 231 2696 bunt
275 2678 876 2698 ............
918 2633 1018 2695 »145

146 2732 188 2793 29
214 2729 363 2790 Martii·
347 2680 548 2807 -Responsa
576 2730 679 2790 dubiis
710 2729 885 2808 propositis
919 2746 939 2788 a

148 2827 280 2886 Ioanne
292 2826 456 2896 Baptista
475 2826 656 2885 Dioeoesie
671 2823 937 2884 Avenloniensis

147 2919 451 2978 adminstrators.
481 2920 526 2978 De
558 2917 772 2979 sacerdotibus
793 2915 847 2992 qui
868 2917 939 2991 post

147 3009 339 3088 praestitum
367 3010 503 3070 civicum
535 3008 747 3070 iuramentum
781 3005 936 3079 absoluti,

147 3102 267 3164 editam
287 3121 324 3164 ea
345 3102 382 3162 de
403 3119 498 3163 causa
518 3101 780 3164 retractationem
801 3099 936 3160 iuridice

148 3199 347 3275 denegarunt
367 3197 419 3257 vel
433 3200 636 3260 revocarunt.
651 3198 732 3260 Item
746 3197 784 3254 de
798 3194 939 3255 sacerdo-

147 3292 234 3353 tibus
255 3289 310 3369 qui
331 3290 533 3366 exigentibus
562 3289 841 3368 persequutoribus
869 3305 940 3366 pne-

145 3385 332 3462 sbyteratus
346 3383 475 3446 litteras
489 3384 692 3446 tradiderunt
705 3383 738 3443 in
753 3384 877 3461 signum
888 3400 938 3444 re·

145 3477 361 3540 nuntiationis
388 3477 516 3540 Ordinis
539 3477 756 3552 sacerdotalia
771 3478 824 3540 rel
845 3481 938 3556 paro-
