2488 4204
438 183 597 244 *cs-

57 296 111 352 tare
135 293 340 367 conantibus,
364 311 396 352 se
417 291 610 370 opposuerit.
633 291 744 352 (lrevit
771 291 876 351 autem
905 306 1000 369 supra

58 389 162 446 nodum
177 387 324 464 gaudium
338 389 503 460 Nostrum,
525 403 594 446 oum
609 389 696 445 tuam
711 384 925 461 perspeximus
939 384 1002 446 sol·

57 480 233 540 licitudinem
255 484 405 557 tuumque
426 481 538 541 ardens
570 479 733 553 studium,
757 497 816 556 quo
838 479 930 538 enixe
950 496 999 538 co-

56 573 125 632 naris
145 573 184 633 ab
205 591 280 650 agro
308 573 432 634 Domini
460 573 620 634 eradicare
641 572 778 643 zizania,
801 576 838 632 ut
858 590 1001 633 crescere

55 667 182 726 triticum
203 668 312 744 possit.
328 667 415 732 Quod
431 667 512 741 nnis,
525 670 559 726 et
573 666 686 727 alteris
701 665 766 727 tuis
786 665 997 743 pastoralibus

52 760 180 836 epistolis
201 761 392 821 mirabiliter
413 764 572 838 praestas:
596 761 629 819 in
652 759 691 818 iis
710 760 793 819 enim
816 778 877 820 uon
899 759 999 819 solum

52 854 157 914 clerum
179 858 214 915 et
234 855 383 932 populum
404 853 549 914 instruis:
565 853 598 913 iu
616 853 759 914 doctrina
780 871 866 925 sana,
889 869 1001 912 verum

52 947 134 1006 etiam
156 966 217 1024 quo
238 947 375 1008 maximo
397 951 485 1025 potes
504 944 603 1007 animi
624 947 673 1006 tui
694 947 806 1006 ardore
827 944 1003 1006 funestissi-

52 1057 108 1099 mas
121 1040 256 1100 luctuosi
271 1041 460 1113 schismatis,
484 1040 565 1118 quod
582 1043 673 1103 tanto
695 1039 758 1100 fuit
772 1039 939 1118 gallicanis
953 1055 1003 1100 oc-

52 1132 143 1192 clesiis
164 1135 371 1206 detrimento,
393 1135 646 1195 circumstantias
668 1134 815 1212 graphice
836 1134 910 1194 ante
933 1131 1005 1191 illo·

52 1243 113 1286 rum
134 1228 240 1288 oculos
261 1229 361 1305 ponis,
379 1233 415 1288 ut
435 1231 469 1288 et
490 1227 567 1288 illud
591 1227 674 1288 sicut
688 1230 825 1304 oportet,
848 1226 1005 1286 detesten-

53 1323 109 1394 tur,
123 1328 156 1382 et
169 1327 305 1384 caveant
319 1341 470 1401 perquam
485 1322 738 1401 diligentissime,
753 1341 789 1382 ne
802 1323 1004 1399 imposterum

53 1413 94 1476 illi
113 1417 328 1489 consentiant,
352 1435 431 1478 neve
452 1416 540 1478 illius
560 1417 631 1478 labe
652 1436 684 1476 se
704 1415 804 1493 pollui
827 1414 1001 1492 patiantur.

101 1511 214 1571 Elnoet
235 1515 401 1588 praeterea
422 1509 554 1570 mirifice
580 1510 750 1588 prudentia
777 1513 833 1570 tua
855 1509 886 1568 in
912 1523 1004 1583 quam

53 1603 182 1678 pluribus
203 1604 358 1678 decretis,
381 1622 459 1682 quae
486 1603 518 1662 in
546 1604 755 1664 instructione
780 1604 865 1664 clero
886 1601 1007 1661 directa

52 1696 215 1773 leguntur,
237 1697 275 1758 ad
296 1699 479 1758 medendum
501 1715 537 1758 eo
559 1696 704 1768 meliori,
730 1715 789 1773 quo
810 1695 880 1756 fieri
901 1695 1008 1770 potest

54 1793 131 1850 nodo
151 1791 402 1868 multiplicibus,
425 1791 523 1867 iisque
551 1789 748 1868 gravissimis
769 1788 860 1850 malis
881 1805 921 1848 ex
941 1790 1008 1846 tam

56 1881 185 1945 luctuoso
201 1885 370 1945 schismate
391 1884 529 1944 obortis:
552 1901 630 1962 quae
651 1883 777 1961 quidem
799 1884 928 1942 decreta
940 1896 1008 1939 ma-

57 1974 103 2036 iori
117 1997 156 2039 ex
169 1983 263 2056 parte
273 1979 400 2041 Nostris
414 1978 591 2057 apostolicis
604 1977 724 2038 litteris
738 1976 771 2035 in
784 1972 1006 2036 formaBrevis

55 2078 252 2134 consentanea
266 2075 350 2145 sunt,
364 2075 458 2148 atque
472 2070 572 2132 eidem
583 2072 668 2131 clero
686 2074 904 2149 proponuntur
915 2067 1008 2147 (quod

54 2168 95 2224 est
113 2167 275 2244 singulare
297 2165 517 2227 observantiae
532 2170 605 2226 tuae
619 2184 697 2244 erga
713 2165 913 2243 apostolicam
929 2165 1008 2224 hanc

56 2257 154 2320 Sedem
167 2260 397 2338 testimonium)
411 2277 479 2318 cum
504 2258 610 2320 debita
624 2258 882 2320 subordinatione
904 2258 943 2317 ad
957 2273 1010 2334 ge-

56 2355 182 2414 neralem
207 2353 296 2414 illam
318 2353 574 2427 instructionem,
593 2353 625 2412 in
647 2373 709 2431 qua
732 2352 943 2414 concinnanda
963 2367 1011 2412 se·
1102 2399 1104 2404 .

56 2442 118 2504 dulo
139 2447 371 2520 incumbimus3
400 2449 541 2507 sedtum
566 2446 630 2508 cito
659 2449 696 2508 ad
728 2447 821 2507 finem
844 2443 1007 2523 pervenire

56 2554 135 2612 quam
157 2539 313 2600 vellemus
334 2559 397 2605 non
418 2540 601 2618 poterimus,
617 2544 787 2618 propterea
800 2541 879 2618 quod
895 2554 1008 2616 graves

58 2636 217 2694 occurrant
238 2633 436 2694 difficultates
458 2635 496 2694 ab
516 2633 593 2710 ipsis
606 2632 693 2693 inter
708 2650 741 2692 se
755 2629 1010 2692 dissentientibus

59 2724 214 2797 gallicanis
235 2728 403 2805 episcopis,
426 2745 557 2804 quorum
578 2745 651 2804 pars
672 2745 788 2800 unam,
817 2743 890 2803 pars
917 2724 1011 2784 aliam

61 2820 187 2880 aNobis
216 2821 370 2882 rationem
397 2820 570 2897 praescribi
601 2821 715 2882 velint.
739 2823 801 2882 Sed
832 2821 897 2881 Nos
924 2816 1010 2877 nullo

61 2912 136 2972 nodo
159 2931 322 2990 possumus
336 2933 355 2974 a
368 2914 516 2975 canonica
536 2913 658 2974 ratione
680 2915 853 2986 discedere,
874 2911 948 2987 quin
963 2912 1013 2969 tu-

61 3004 114 3064 tam
135 3012 167 3070 et
188 3009 429 3069 consentaneam
450 3025 590 3068 normam
616 3007 727 3068 iisdem
749 3004 900 3084 episeopis
922 3020 1014 3080 prae·

60 3093 186 3161 beamus.
203 3104 247 3162 Ut
267 3105 393 3176 autem,
421 3101 610 3162 venerabilis
634 3100 749 3174 frater,
774 3096 943 3176 pastoralis
963 3095 1013 3154 in-

60 3194 201 3268 structio,
224 3213 315 3272 quam
337 3194 423 3254 clero
445 3193 582 3272 dirigis,
606 3212 646 3253 ex
666 3192 750 3253 omui
770 3193 863 3268 parte
887 3187 1011 3266 regulis

61 3287 258 3350 communiter
278 3287 414 3365 receptis
436 3287 577 3365 apprime
598 3287 806 3364 respondeat,
828 3287 922 3360 atque
943 3284 1013 3343 ideo

61 3375 113 3452 ipsi
134 3381 235 3454 clero,
256 3387 289 3442 et
309 3382 424 3460 populo
446 3381 574 3442 utiliter
595 3382 727 3454 evadat,
741 3377 854 3440 Nostri
875 3376 1014 3438 muneris

62 3486 119 3532 esse
139 3475 278 3538 ducimus
300 3476 360 3536 tibi
382 3475 534 3538 nonnulla
553 3473 705 3546 indicare,
730 3489 808 3549 quae
830 3471 929 3534 solum
952 3487 1015 3532 ma·

152 3595 209 3648 Vol.
226 3598 270 3648 Π.
896 3595 922 3644 'b
