2488 4204
80 337 223 398 trimonia
251 335 452 398 celebrentur
478 356 582 398 coram
603 340 758 411 Perocho‚
780 343 814 398 et
835 338 953 398 duobus
983 339 1034 400 vel

76 432 172 491 trihus
193 430 328 490 testibus
340 435 497 508 tamquam
513 432 545 490 16
560 433 795 493 exsecutionem
816 433 942 494 Decreti
953 433 1035 496 Gou-

74 525 138 585 cilii
158 524 352 596 Tridentini,
369 525 425 584 hoc
440 525 581 602 profecto
597 527 675 588 satis
690 527 783 587 dehet
796 544 875 600 esse,
892 533 928 586 ut
942 543 1033 604 prae-

73 623 214 680 sumatur
235 617 321 678 iacta
334 617 472 678 eiusdem
486 620 604 680 decreti
628 619 811 697 publicatio,
828 621 911 680 sicut
924 625 1033 698 aperte

73 713 191 790 legitur
213 711 245 770 in
268 711 458 771 resolutione
480 712 567 774 edita
587 731 606 772 a
626 714 660 772 S.
678 713 927 790 congregatione
950 715 1033 775 666-

71 807 136 868 61111
150 808 201 867 die
216 807 257 868 26
268 805 461 882 Septembris
473 807 546 866 anni
562 806 653 881 1602,
669 826 748 884 quae
768 809 907 869 refertur
922 809 977 868 lih.
996 807 1034 870 10

72 905 275 962 Decretorum
295 916 366 976 pag.
384 899 441 958 47:
463 900 722 960 Publioationem
733 904 910 977 praesumi,
927 902 983 963 abi
998 902 1033 960 id

72 996 241 1056 Decretum
251 995 356 1070 fuerit
367 995 479 1069 aliquo
494 1001 634 1068 tempore
645 995 682 1052 16
689 993 854 1056 Parcchio
865 1003 1033 1074 tamqnam

71 1090 242 1151 Decretum
264 1085 404 1146 Caecilii
424 1087 639 1155 obseruatum
652 1086 796 1164 idemque
814 1092 971 1148 statutum
986 1088 1033 1149 le-

70 1189 157 1266 gitur
178 1187 210 1245 in
233 1185 298 1245 alia
319 1182 511 1243 resolutione
532 1183 594 1241 diei
614 1183 655 1244 30
668 1185 778 1244 Martii
794 1185 868 1245 anni
885 1185 974 1246 1669.

127 1284 159 1344 2.
182 1277 385 1341 Lucionensis
412 1277 561 1336 dioecesis
590 1277 698 1336 fideles
726 1278 885 1339 abstinere
907 1279 1031 1339 omnino

70 1378 182 1437 debere
204 1392 224 1433 a
244 1372 455 1432 contrahendo
477 1369 678 1431 matrimonio
704 1389 807 1431 coram
838 1371 1034 1448 municipali-

70 1477 148 1543 tate,
165 1474 224 1530 aut
243 1484 348 1527 coram
363 1464 487 1526 officiali
508 1484 527 1526 a
547 1464 799 1542 municipalitate
815 1467 941 1526 selecto.
954 1467 1031 1530 cum

69 1565 150 1625 euim
183 1567 250 1622 tum
272 1561 316 1632 ii,
338 1559 391 1636 qui
419 1558 701 1637 municipalitatem
730 1564 940 1636 componunt,
963 1563 1031 1618 tum

69 1657 209 1718 officialis
231 1674 250 1716 a
271 1653 522 1730 municipalitate
536 1653 667 1726 electus,
683 1653 749 1713 sint
764 1652 878 1730 publici
898 1653 1033 1712 functio-

70 1752 161 1823 narii,
177 1755 214 1809 ut
228 1748 330 1818 aiunt,
345 1746 554 1805 iuramentum
571 1763 590 1805 a
603 1746 766 1806 Conventa
780 1745 932 1806 nationali
944 1762 1033 1822 prae-

71 1846 221 1922 scriptum
233 1839 399 1900 emiserint
411 1856 569 1898 necessum
585 1843 652 1911 est3
670 1845 859 1917 quapropter
874 1843 1030 1916 tamquam

75 1934 274 2004 schismatici,
294 1934 351 1994 aut
371 1933 408 1992 ad
431 1933 532 1991 miuus
554 1936 711 2009 tamquam
734 1933 910 1994 schismatis
931 1933 1031 1994 fauto-

76 2048 116 2090 res
133 2031 208 2090 iure
231 2025 346 2086 merito
368 2027 567 2100 reputantur.
592 2026 640 2084 Ex
661 2025 710 2084 his
731 2028 836 2084 autem
858 2025 937 2086 illud
961 2043 1033 2084 con-

72 2141 197 2201 sequens
219 2124 290 2192 est,
313 2117 472 2179 abstinere
497 2117 622 2177 omniuo
652 2118 759 2178 fideles
787 2118 898 2178 debere
921 2137 939 2178 a
960 2137 1030 2178 con·

70 2219 222 2280 trahendo
248 2211 450 2274 matrimonio
472 2230 576 2273 coram
605 2213 878 2291 municipalitate,
901 2234 955 2276 seu
977 2233 1029 2275 co·

67 2330 130 2372 ram
145 2307 275 2371 officiali
288 2325 308 2366 a
321 2305 572 2382 municipalitate
594 2307 728 2380 delecto,
745 2327 782 2368 ne
803 2308 868 2368 ulla
883 2310 1030 2371 schisma·

66 2407 103 2466 tis
125 2401 316 2479 contagione
338 2399 532 2477 polluantur.

121 2500 153 2559 3.
171 2498 292 2558 (166666
313 2491 431 2553 1661666
452 2492 560 2552 fideles
582 2494 694 2554 dehere
716 2497 903 2557 contrahere
921 2497 1031 2557 matri·

65 2591 203 2653 monium
225 2603 330 2648 coram
352 2586 487 2646 testibus
508 2589 542 2647 et
563 2587 698 2663 quidem,
715 2590 812 2666 quoad
828 2590 898 2651 fieri
917 2591 1027 2668 possit,

64 2681 244 2753 catholicis,
268 2665 449 2758 priusq'uam
471 2679 716 2756 municipalitati
738 2701 770 2742 se
792 2690 972 2759 praesentes
985 2684 1031 2745 61-

65 2781 162 2850 61661,
188 2778 226 2834 61
246 2771 472 2851 praescriptam
493 2791 512 2832 a
534 2773 684 2834 nationali
704 2775 867 2836 Conventa
888 2777 1030 2838 declara·

67 2871 182 2930 tionem
206 2866 336 2928 iaciant.
358 2869 400 2927 Et
421 2865 566 2943 quoniam
588 2868 763 2943 complures
791 2886 830 2928 ex
858 2869 931 2928 istis
952 2868 1029 2928 iide-

65 2963 148 3024 libus
163 2980 225 3021 non
240 2964 371 3037 possunt
384 2960 509 3019 omnino
524 2963 692 3037 parochum
707 2962 884 3040 legitimum
900 2963 1027 3037 habere,

64 3056 201 3117 istorum
223 3053 365 3132 prolecto
392 3053 540 3132 coniugia
564 3058 730 3118 contracta
757 3073 862 3116 coram
892 3056 1027 3118 testibus

63 3152 96 3208 61
117 3148 185 3208 6166
206 3146 335 3223 parochi
357 3147 559 3224 praesentia,
581 3147 608 3207 si
631 3145 711 3208 nihil
737 3147 822 3208 aliud
844 3148 970 3222 obstet,
993 3153 1027 3212 61

64 3241 182 3313 valida,
210 3244 244 3299 et
268 3239 359 3300 licita
380 3244 485 3312 erunt,
510 3245 545 3300 ut
569 3259 660 3316 saepe
685 3240 807 3317 saepius
833 3241 1029 3304 declaratum

63 3335 124 3394 luit
143 3352 163 3395 a
181 3335 214 3392 S.
228 3334 480 3411 Congregatione
500 3334 631 3394 Concilii
644 3334 823 3394 Tridentini
837 3337 1023 3414 interprete.

123 3432 153 3486 4.
177 3426 268 3488 Nihil
293 3434 396 3487 tamen
419 3428 640 3504 impedimento
662 3445 740 3500 csse,
763 3429 927 3505 quominus
947 3431 1026 3492 fide-

63 3519 130 3596 les,
154 3524 191 3581 ut
212 3519 358 3584 ciuilibus
380 3521 542 3599 potiantur
564 3520 735 3595 effectibus,
759 3524 985 3604 praescriptam
1007 3543 1027 3584 a
