2488 4204
220 305 292 348 ven.
309 288 453 360 Fratres,
476 290 512 348 ut
533 285 673 366 singulos
694 289 835 364 populos,
851 307 888 348 ac
911 288 1113 349 dioecesanos
1135 309 1192 349 ve·
1229 318 1230 348 l

222 384 306 442 stros
328 383 365 440 de
386 380 564 442 huiusmodi
584 380 696 441 fraude
718 382 922 442 admoneatis.
939 382 1092 450 Quoniam
1115 403 1195 444 vero

221 476 528 554 pseudo-Episcopus
549 480 583 537 et
604 476 752 536 Vicarius
770 477 962 554 apostolicus
983 479 1045 539 ists
1067 497 1190 544 moram

222 569 349 629 trahere
371 569 488 630 dicitur
509 570 542 629 in
564 570 709 647 praefato
732 570 844 646 oppido
854 571 899 631 28.
913 571 1093 633 Laurentii
1105 573 1193 633 dioe-

222 661 300 722 cesis
321 662 541 738 Pictaviensis,
564 681 643 740 quae
663 664 745 722 haud
768 664 879 740 procul
903 665 993 726 abest
1014 684 1033 726 a
1054 666 1190 726 dioecesi

221 756 388 828 Leonensi3
410 756 458 816 ita
480 774 547 829 vos,
569 774 640 816 ven,
657 756 789 816 Fratres
810 756 1020 817 Pictaviensis
1049 763 1083 818 et
1110 761 1192 819 Leo·
1230 819 1231 840 ,

223 851 326 909 nensis
348 849 504 926 Episcopi,
520 868 636 925 vosque
651 849 759 924 etiam,
775 867 907 927 quorum
928 851 1086 912 dioeceses
1107 853 1191 914 exsi-

223 949 312 1004 stunt
333 946 364 1003 in
388 943 559 1022 provinciis
574 944 711 1004 Pictavii
733 948 767 1003 et
786 944 982 1018 Britanniae,
998 963 1069 1004 eum
1085 948 1188 1006 zelum

222 1043 398 1103 adhibeatis
419 1045 558 1118 oportet,
574 1043 627 1118 qui
649 1041 739 1100 vobis
761 1043 932 1102 communis
952 1047 1003 1103 est
1023 1061 1093 1102 cum
1115 1044 1187 1104 aliis
1231 1111 1232 1122 χ

222 1137 358 1214 egregiis
379 1137 480 1212 Regni
503 1135 680 1195 Galliarum
701 1135 879 1212 Episcopis,
896 1138 929 1194 et
950 1135 982 1194 in
1003 1135 1035 1194 id
1050 1138 1187 1196 maximo

223 1231 344 1289 debetis
373 1229 561 1300 incumbere,
580 1231 616 1288 ut
638 1229 836 1288 dioecesanos
862 1233 1004 1301 vestros,
1030 1248 1091 1306 quo
1119 1249 1188 1290 me-

222 1325 293 1384 liori
320 1340 376 1399 per
404 1340 459 1382 vos
488 1322 557 1382 fieri
586 1322 676 1380 ruodo
704 1322 843 1397 poterit,
870 1323 1187 1384 commonefaciendos

223 1417 352 1478 curetis.

281 1514 330 1572 Ad
345 1509 486 1568 fidelium
501 1506 702 1579 monitiones,
719 1509 797 1567 Ven.
814 1509 958 1581 Fratres,
975 1514 1099 1570 vestras
1113 1529 1187 1586 quo·

223 1623 281 1682 que
302 1601 489 1662 monitiones
510 1599 672 1679 adiungite
702 1617 778 1677 erga
806 1601 1132 1679 pseudo-Episcopum
1156 1607 1188 1663 et

222 1699 402 1769 vicarium,
426 1696 476 1756 illi
498 1693 746 1772 praecipientes,
767 1694 870 1754 veluti
890 1697 953 1756 Nos
975 1714 1031 1772 per
1051 1698 1187 1758 Nostrae

222 1794 314 1854 hasce
342 1793 470 1852 litteras
498 1789 597 1849 eidem
627 1787 853 1864 praecipimus,
878 1787 914 1848 ut
934 1789 1093 1850 abstineat
1114 1809 1188 1852 sea

222 1904 413 1964 quocumque
435 1901 564 1943 munere
586 1884 809 1958 usurpatorum
823 1882 1016 1960 dignitatum
1031 1885 1186 1959 obeundo,

223 1985 332 2059 utque,
349 1977 469 2038 nefario
491 1977 624 2036 crimine
643 1979 749 2034 sancte
772 1979 804 2035 et
826 1975 948 2036 sincere
969 1977 1105 2051 eiurato,
1127 1980 1187 2039 Ec-
1234 1989 1235 2042 ἴ

223 2077 335 2138 clesiae
358 2072 551 2142 satisfaciat,
575 2089 635 2146 quo
657 2069 780 2128 veniam
802 2074 836 2129 et
857 2071 1082 2130 absolutionem
1106 2073 1188 2132 obti-

221 2176 297 2236 neat
317 2170 355 2228 ab
377 2167 416 2226 iis
438 2162 635 2242 gravissimis
653 2162 776 2237 poenis,
792 2163 904 2239 quibus
918 2183 950 2223 se
966 2164 1103 2224 subiecit
1116 2164 1187 2226 iux·

222 2268 257 2324 ta
278 2265 445 2322 Sacrorum
468 2258 624 2318 canonum
642 2255 818 2315 sanctiones
840 2262 1097 2318 commemoratas
1112 2259 1189 2319 aliis

221 2355 350 2418 Nostris
372 2349 562 2429 Apostolicis
583 2348 718 2408 Litteris
733 2347 789 2428 (1).

283 2449 432 2525 Equidem
448 2442 592 2503 dubitare
608 2460 666 2501 non
680 2459 855 2518 possumus,
868 2461 939 2503 ven.
953 2445 1098 2519 Fratres,
1110 2447 1185 2522 quin

221 2560 279 2620 per
301 2554 547 2614 unumquemque
569 2538 708 2595 vestrum
725 2536 820 2594 semel
835 2553 871 2595 ac
885 2535 993 2597 fuistis
1007 2541 1045 2599 ad
1061 2543 1187 2602 vestras
1234 2539 1236 2634 i

221 2638 310 2696 sedes
331 2631 552 2708 relinquendas
574 2629 696 2701 adacti,
716 2630 893 2689 consultum
913 2632 991 2691 satis
1011 2631 1110 2694 fuerit
1125 2635 1188 2711 spi·
1234 2639 1236 2712 l

221 2728 333 2790 rituali
355 2724 537 2802 populorum
561 2721 761 2794 necessitati,
784 2722 933 2783 adhibitis
953 2725 1048 2785 ctiam
1071 2726 1112 2788 iis
1133 2747 1187 2788 ex·
1235 2717 1236 2774 t

222 2817 446 2883 traordinariis
461 2811 666 2877 facultatibus
677 2814 757 2874 alios
772 2815 948 2892 delegandi,
962 2836 1041 2894 quae
1053 2837 1112 2896 per
1122 2823 1188 2883 Nos
1235 2815 1236 2840 ³

222 2931 382 2976 concessae
404 2912 492 2972 vobis
514 2909 655 2970 fuerunt.
679 2907 787 2970 Nihilo
815 2911 918 2969 tamen
940 2912 1059 2986 minus,
1076 2914 1104 2974 si
1126 2916 1186 2974 ini·
1235 2973 1236 2976 ,

142 3075 146 3084 ,
221 3025 354 3086 quorum
377 3005 535 3066 hominum
556 3001 723 3063 insectatio
739 3019 780 3059 co
803 3003 986 3077 devenerit,
1003 3010 1039 3066 ut
1062 3013 1186 3070 vestras
1235 3057 1236 3066 ,

220 3120 313 3162 curas
334 3099 466 3159 inutiles
486 3102 542 3158 aut
563 3095 675 3156 irritas
689 3093 814 3168 fecerit,
831 3095 878 3156 ita
892 3101 928 3156 ut
941 3099 1067 3174 quidam
1082 3102 1128 3162 sit
1141 3104 1187 3162 lo·

220 3212 291 3267 cus,
306 3193 359 3271 qui
381 3196 489 3254 careat
509 3189 653 3268 legitimo
676 3185 837 3262 superiore
856 3189 1088 3266 Ecclesiastico,
1105 3195 1186 3255 hauc

221 3289 336 3348 adeant
362 3285 576 3367 Apostolicam
605 3279 715 3340 Sedem
743 3277 786 3354 ii,
809 3279 862 3356 qui
891 3285 981 3343 tanta
1002 3303 1072 3344 cum
1093 3287 1185 3348 laudo

285 3415 319 3472 u>
336 3377 392 3462 osa
404 3415 434 3461 1s
443 3411 541 3470 Aprilis
552 3411 620 3466 rust,
631 3408 660 3456 ro
670 3405 756 3454 nerui
773 3408 799 3454 a
808 3408 837 3455 1o
847 3409 915 3456 runs
925 3412 1062 3462 naa-vu.
1080 3417 1151 3464 rom.
1163 3418 1183 3462 1.

218 3503 295 3552 pagg.
307 3492 360 3540 141.
372 3488 427 3538 265.
440 3489 494 3537 315.
