<?xml version="1.0" encoding="UTF-8"?>
<!DOCTYPE html PUBLIC "-//W3C//DTD XHTML 1.0 Transitional//EN"
    "http://www.w3.org/TR/xhtml1/DTD/xhtml1-transitional.dtd">
<html xmlns="http://www.w3.org/1999/xhtml" xml:lang="en" lang="en">
 <head>
  <title>
</title>
<meta http-equiv="Content-Type" content="text/html;charset=utf-8" />
  <meta name='ocr-system' content='tesseract 3.04.00' />
  <meta name='ocr-capabilities' content='ocr_page ocr_carea ocr_par ocr_line ocrx_word'/>
</head>
<body>
  <div class='ocr_page' id='page_1' title='image "./piivipontmaxact01piusgoog_0265.png"; bbox 0 0 2522 4200; ppageno 0'>
   <div class='ocr_carea' id='block_1_1' title="bbox 424 263 601 325">
    <p class='ocr_par' dir='ltr' id='par_1_1' title="bbox 424 263 601 325">
     <span class='ocr_line' id='line_1_1' title="bbox 424 263 601 325; baseline -0.017 0"><span class='ocrx_word' id='word_1_1' title='bbox 424 295 462 308; x_wconf 97' lang='lat'><em>-</em></span> <span class='ocrx_word' id='word_1_2' title='bbox 483 263 601 325; x_wconf 83' lang='lat'>257-</span> 
     </span>
    </p>
   </div>
   <div class='ocr_carea' id='block_1_2' title="bbox 362 432 711 504">
    <p class='ocr_par' dir='ltr' id='par_1_2' title="bbox 362 432 711 504">
     <span class='ocr_line' id='line_1_2' title="bbox 362 432 711 504; baseline 0 -18"><span class='ocrx_word' id='word_1_3' title='bbox 362 432 512 486; x_wconf 70' lang='lat' dir='ltr'><strong>hatlma</strong></span> <span class='ocrx_word' id='word_1_4' title='bbox 532 435 668 486; x_wconf 76' lang='lat' dir='ltr'><strong>versio</strong></span> <span class='ocrx_word' id='word_1_5' title='bbox 709 499 711 504; x_wconf 23' lang='grc' dir='ltr'>Ι</span> 
     </span>
    </p>
   </div>
   <div class='ocr_carea' id='block_1_3' title="bbox 317 574 712 645">
    <p class='ocr_par' dir='ltr' id='par_1_3' title="bbox 317 574 712 645">
     <span class='ocr_line' id='line_1_3' title="bbox 317 574 712 645; baseline 0.008 -3"><span class='ocrx_word' id='word_1_6' title='bbox 317 574 712 645; x_wconf 77' lang='lat' dir='ltr'>PROTESTA&#39;HO</span> 
     </span>
    </p>
   </div>
   <div class='ocr_carea' id='block_1_4' title="bbox 238 755 793 947">
    <p class='ocr_par' dir='ltr' id='par_1_4' title="bbox 238 755 793 947">
     <span class='ocr_line' id='line_1_4' title="bbox 238 755 793 820; baseline 0.007 -6"><span class='ocrx_word' id='word_1_7' title='bbox 238 755 506 817; x_wconf 81' lang='grc' dir='ltr'><strong>ΤΗΟΜΑΕ</strong></span> <span class='ocrx_word' id='word_1_8' title='bbox 552 758 793 820; x_wconf 80' lang='grc' dir='ltr'><strong>ΑΝΤΙΟΙ</strong></span> 
     </span>
     <span class='ocr_line' id='line_1_5' title="bbox 303 898 775 947; baseline 0.002 -1"><span class='ocrx_word' id='word_1_9' title='bbox 303 899 384 946; x_wconf 80' lang='lat' dir='ltr'><strong>onus</strong></span> <span class='ocrx_word' id='word_1_10' title='bbox 400 898 719 947; x_wconf 69' lang='lat' dir='ltr'><strong>cannmsmssnn.</strong></span> <span class='ocrx_word' id='word_1_11' title='bbox 766 916 775 934; x_wconf 92' lang='lat'><strong>·</strong></span> 
     </span>
    </p>
   </div>
   <div class='ocr_carea' id='block_1_5' title="bbox 495 1047 537 1088">
    <p class='ocr_par' dir='ltr' id='par_1_5' title="bbox 495 1047 537 1088">
     <span class='ocr_line' id='line_1_6' title="bbox 495 1047 537 1088; baseline 0 0"><span class='ocrx_word' id='word_1_12' title='bbox 495 1047 537 1088; x_wconf 76' lang='lat' dir='ltr'><strong>Al&gt;</strong></span> 
     </span>
    </p>
   </div>
   <div class='ocr_carea' id='block_1_6' title="bbox 211 1183 819 1266">
    <p class='ocr_par' dir='ltr' id='par_1_6' title="bbox 211 1183 819 1266">
     <span class='ocr_line' id='line_1_7' title="bbox 211 1183 819 1266; baseline 0.003 -6"><span class='ocrx_word' id='word_1_13' title='bbox 211 1183 345 1266; x_wconf 90' lang='lat' dir='ltr'>PIUM</span> <span class='ocrx_word' id='word_1_14' title='bbox 386 1183 469 1261; x_wconf 86' lang='lat' dir='ltr'><strong>Vll.</strong></span> <span class='ocrx_word' id='word_1_15' title='bbox 507 1183 657 1263; x_wconf 90' lang='lat' dir='ltr'><strong>PONT.</strong></span> <span class='ocrx_word' id='word_1_16' title='bbox 693 1185 819 1264; x_wconf 85' lang='lat' dir='ltr'><strong>MAX.</strong></span> 
     </span>
    </p>
   </div>
   <div class='ocr_carea' id='block_1_7' title="bbox 198 1437 527 1496">
    <p class='ocr_par' dir='ltr' id='par_1_7' title="bbox 198 1437 527 1496">
     <span class='ocr_line' id='line_1_8' title="bbox 198 1437 527 1496; baseline -0.006 0"><span class='ocrx_word' id='word_1_17' title='bbox 198 1437 404 1496; x_wconf 69' lang='lat' dir='ltr'><strong>Beatissimo</strong></span> <span class='ocrx_word' id='word_1_18' title='bbox 425 1438 527 1496; x_wconf 83' lang='lat' dir='ltr'><strong>Pater</strong></span> 
     </span>
    </p>
   </div>
   <div class='ocr_carea' id='block_1_8' title="bbox 15 1579 1009 3618">
    <p class='ocr_par' dir='ltr' id='par_1_8' title="bbox 15 1579 1006 3140">
     <span class='ocr_line' id='line_1_9' title="bbox 93 1579 997 1662; baseline -0.001 -17"><span class='ocrx_word' id='word_1_19' title='bbox 93 1581 292 1662; x_wconf 80' lang='lat' dir='ltr'><strong>Dignitatem</strong></span> <span class='ocrx_word' id='word_1_20' title='bbox 303 1580 544 1641; x_wconf 74' lang='lat' dir='ltr'><strong>cardinalitiam</strong></span> <span class='ocrx_word' id='word_1_21' title='bbox 556 1579 752 1653; x_wconf 72' lang='lat' dir='ltr'><strong>renuntiavi,</strong></span> <span class='ocrx_word' id='word_1_22' title='bbox 765 1581 861 1642; x_wconf 85' lang='lat' dir='ltr'><strong>Pater</strong></span> <span class='ocrx_word' id='word_1_23' title='bbox 869 1583 997 1658; x_wconf 86' lang='lat' dir='ltr'><strong>Sancte;</strong></span> 
     </span>
     <span class='ocr_line' id='line_1_10' title="bbox 44 1672 999 1750; baseline 0.001 -14"><span class='ocrx_word' id='word_1_24' title='bbox 44 1680 72 1737; x_wconf 83' lang='lat' dir='ltr'><strong>ot</strong></span> <span class='ocrx_word' id='word_1_25' title='bbox 89 1693 159 1736; x_wconf 87' lang='lat' dir='ltr'><strong>mea</strong></span> <span class='ocrx_word' id='word_1_26' title='bbox 181 1672 337 1736; x_wconf 76' lang='lat' dir='ltr'><strong>abdicatio</strong></span> <span class='ocrx_word' id='word_1_27' title='bbox 350 1673 492 1734; x_wconf 85' lang='lat' dir='ltr'><strong>absoluta</strong></span> <span class='ocrx_word' id='word_1_28' title='bbox 512 1673 576 1732; x_wconf 86' lang='lat' dir='ltr'><strong>fuit</strong></span> <span class='ocrx_word' id='word_1_29' title='bbox 595 1675 630 1731; x_wconf 87' lang='lat' dir='ltr'><strong>et</strong></span> <span class='ocrx_word' id='word_1_30' title='bbox 651 1675 813 1750; x_wconf 84' lang='lat' dir='ltr'><strong>perpetua.</strong></span> <span class='ocrx_word' id='word_1_31' title='bbox 830 1677 927 1736; x_wconf 87' lang='lat' dir='ltr'><strong>Deum</strong></span> <span class='ocrx_word' id='word_1_32' title='bbox 941 1695 999 1737; x_wconf 83' lang='lat' dir='ltr'><strong>au-</strong></span> 
     </span>
     <span class='ocr_line' id='line_1_11' title="bbox 47 1765 999 1846; baseline 0.001 -18"><span class='ocrx_word' id='word_1_33' title='bbox 47 1773 102 1828; x_wconf 89' lang='lat' dir='ltr'><strong>tem</strong></span> <span class='ocrx_word' id='word_1_34' title='bbox 117 1771 233 1829; x_wconf 88' lang='lat' dir='ltr'><strong>testem</strong></span> <span class='ocrx_word' id='word_1_35' title='bbox 257 1767 370 1826; x_wconf 89' lang='lat' dir='ltr'><strong>invoco</strong></span> <span class='ocrx_word' id='word_1_36' title='bbox 395 1767 434 1827; x_wconf 87' lang='lat' dir='ltr'><strong>ab</strong></span> <span class='ocrx_word' id='word_1_37' title='bbox 457 1784 494 1826; x_wconf 83' lang='lat' dir='ltr'><strong>ea</strong></span> <span class='ocrx_word' id='word_1_38' title='bbox 508 1784 600 1843; x_wconf 92' lang='lat' dir='ltr'><strong>quam</strong></span> <span class='ocrx_word' id='word_1_39' title='bbox 622 1765 716 1843; x_wconf 82' lang='lat' dir='ltr'><strong>longe</strong></span> <span class='ocrx_word' id='word_1_40' title='bbox 737 1767 873 1828; x_wconf 85' lang='lat' dir='ltr'><strong>abfuisse</strong></span> <span class='ocrx_word' id='word_1_41' title='bbox 894 1788 999 1846; x_wconf 84' lang='lat' dir='ltr'><strong>quam·</strong></span> 
     </span>
     <span class='ocr_line' id='line_1_12' title="bbox 48 1860 997 1936; baseline 0.003 -16"><span class='ocrx_word' id='word_1_42' title='bbox 48 1862 89 1922; x_wconf 84' lang='lat' dir='ltr'><strong>vis</strong></span> <span class='ocrx_word' id='word_1_43' title='bbox 108 1863 187 1924; x_wconf 88' lang='lat' dir='ltr'><strong>lieet</strong></span> <span class='ocrx_word' id='word_1_44' title='bbox 207 1864 330 1921; x_wconf 88' lang='lat' dir='ltr'><strong>remota</strong></span> <span class='ocrx_word' id='word_1_45' title='bbox 355 1860 539 1919; x_wconf 85' lang='lat' dir='ltr'><strong>adhaesione</strong></span> <span class='ocrx_word' id='word_1_46' title='bbox 567 1877 636 1920; x_wconf 88' lang='lat' dir='ltr'><strong>mea</strong></span> <span class='ocrx_word' id='word_1_47' title='bbox 660 1860 818 1920; x_wconf 83' lang='lat' dir='ltr'><strong>Gubernio</strong></span> <span class='ocrx_word' id='word_1_48' title='bbox 839 1861 997 1936; x_wconf 84' lang='lat' dir='ltr'><strong>invasori,</strong></span> 
     </span>
     <span class='ocr_line' id='line_1_13' title="bbox 49 1954 997 2032; baseline 0 -16"><span class='ocrx_word' id='word_1_49' title='bbox 49 1959 92 2018; x_wconf 84' lang='lat' dir='ltr'><strong>vel</strong></span> <span class='ocrx_word' id='word_1_50' title='bbox 106 1957 327 2018; x_wconf 80' lang='lat' dir='ltr'><strong>sistematibcs</strong></span> <span class='ocrx_word' id='word_1_51' title='bbox 340 1955 490 2032; x_wconf 86' lang='lat' dir='ltr'><strong>temporis</strong></span> <span class='ocrx_word' id='word_1_52' title='bbox 504 1955 604 2014; x_wconf 84' lang='lat' dir='ltr'><strong>illius:</strong></span> <span class='ocrx_word' id='word_1_53' title='bbox 619 1954 713 2013; x_wconf 92' lang='lat' dir='ltr'><strong>immo</strong></span> <span class='ocrx_word' id='word_1_54' title='bbox 727 1955 823 2016; x_wconf 88' lang='lat' dir='ltr'><strong>etlam</strong></span> <span class='ocrx_word' id='word_1_55' title='bbox 838 1957 997 2019; x_wconf 80' lang='lat' dir='ltr'><strong>constanti</strong></span> 
     </span>
     <span class='ocr_line' id='line_1_14' title="bbox 49 2043 999 2127; baseline 0.003 -19"><span class='ocrx_word' id='word_1_56' title='bbox 49 2067 109 2112; x_wconf 88' lang='lat' dir='ltr'><strong>mea</strong></span> <span class='ocrx_word' id='word_1_57' title='bbox 124 2049 238 2127; x_wconf 86' lang='lat' dir='ltr'><strong>agendi</strong></span> <span class='ocrx_word' id='word_1_58' title='bbox 260 2047 382 2108; x_wconf 88' lang='lat' dir='ltr'><strong>ratione</strong></span> <span class='ocrx_word' id='word_1_59' title='bbox 404 2053 437 2108; x_wconf 90' lang='lat' dir='ltr'><strong>et</strong></span> <span class='ocrx_word' id='word_1_60' title='bbox 458 2051 532 2107; x_wconf 88' lang='lat' dir='ltr'><strong>tunc</strong></span> <span class='ocrx_word' id='word_1_61' title='bbox 554 2043 715 2124; x_wconf 77' lang='lat' dir='ltr'><strong>et*p0stea</strong></span> <span class='ocrx_word' id='word_1_62' title='bbox 736 2048 773 2107; x_wconf 86' lang='lat' dir='ltr'><strong>ab</strong></span> <span class='ocrx_word' id='word_1_63' title='bbox 795 2048 845 2108; x_wconf 88' lang='lat' dir='ltr'><strong>his</strong></span> <span class='ocrx_word' id='word_1_64' title='bbox 866 2050 917 2109; x_wconf 89' lang='lat' dir='ltr'><strong>vel</strong></span> <span class='ocrx_word' id='word_1_65' title='bbox 932 2069 999 2112; x_wconf 90' lang='lat' dir='ltr'><strong>ma-</strong></span> 
     </span>
     <span class='ocr_line' id='line_1_15' title="bbox 49 2141 1002 2206; baseline 0.005 -5"><span class='ocrx_word' id='word_1_66' title='bbox 49 2143 123 2203; x_wconf 83' lang='lat' dir='ltr'><strong>xime</strong></span> <span class='ocrx_word' id='word_1_67' title='bbox 150 2143 289 2204; x_wconf 88' lang='lat' dir='ltr'><strong>alienum</strong></span> <span class='ocrx_word' id='word_1_68' title='bbox 316 2159 364 2201; x_wconf 91' lang='lat' dir='ltr'><strong>me</strong></span> <span class='ocrx_word' id='word_1_69' title='bbox 393 2141 525 2202; x_wconf 83' lang='lat' dir='ltr'><strong>ostendi.</strong></span> <span class='ocrx_word' id='word_1_70' title='bbox 555 2143 693 2203; x_wconf 84' lang='lat' dir='ltr'><strong>Necdum</strong></span> <span class='ocrx_word' id='word_1_71' title='bbox 722 2141 820 2202; x_wconf 81' lang='lat' dir='ltr'><strong>sacris</strong></span> <span class='ocrx_word' id='word_1_72' title='bbox 848 2143 1002 2206; x_wconf 80' lang='lat' dir='ltr'><strong>cardina-</strong></span> 
     </span>
     <span class='ocr_line' id='line_1_16' title="bbox 15 2233 1000 2312; baseline 0.003 -19"><span class='ocrx_word' id='word_1_73' title='bbox 15 2297 17 2304; x_wconf 55' lang='grc'><strong><em>,</em></strong></span> <span class='ocrx_word' id='word_1_74' title='bbox 49 2235 118 2295; x_wconf 90' lang='lat' dir='ltr'><strong>lium</strong></span> <span class='ocrx_word' id='word_1_75' title='bbox 140 2234 280 2312; x_wconf 84' lang='lat' dir='ltr'><strong>personis</strong></span> <span class='ocrx_word' id='word_1_76' title='bbox 302 2233 419 2295; x_wconf 89' lang='lat' dir='ltr'><strong>iniuria</strong></span> <span class='ocrx_word' id='word_1_77' title='bbox 433 2234 485 2293; x_wconf 88' lang='lat' dir='ltr'><strong>vel</strong></span> <span class='ocrx_word' id='word_1_78' title='bbox 497 2233 686 2294; x_wconf 87' lang='lat' dir='ltr'><strong>contumelia</strong></span> <span class='ocrx_word' id='word_1_79' title='bbox 700 2234 793 2295; x_wconf 83' lang='lat' dir='ltr'><strong>illata</strong></span> <span class='ocrx_word' id='word_1_80' title='bbox 803 2233 919 2310; x_wconf 86' lang='lat' dir='ltr'><strong>fuerat,</strong></span> <span class='ocrx_word' id='word_1_81' title='bbox 931 2255 1000 2296; x_wconf 89' lang='lat' dir='ltr'><strong>cnm</strong></span> 
     </span>
     <span class='ocr_line' id='line_1_17' title="bbox 49 2327 1002 2406; baseline 0.003 -19"><span class='ocrx_word' id='word_1_82' title='bbox 49 2328 213 2406; x_wconf 85' lang='lat' dir='ltr'><strong>improviso</strong></span> <span class='ocrx_word' id='word_1_83' title='bbox 234 2327 372 2388; x_wconf 88' lang='lat' dir='ltr'><strong>monitus</strong></span> <span class='ocrx_word' id='word_1_84' title='bbox 393 2327 438 2386; x_wconf 85' lang='lat' dir='ltr'><strong>fui</strong></span> <span class='ocrx_word' id='word_1_85' title='bbox 453 2345 472 2388; x_wconf 90' lang='lat' dir='ltr'><strong>a</strong></span> <span class='ocrx_word' id='word_1_86' title='bbox 486 2327 555 2387; x_wconf 88' lang='lat' dir='ltr'><strong>viro</strong></span> <span class='ocrx_word' id='word_1_87' title='bbox 576 2327 623 2388; x_wconf 85' lang='lat' dir='ltr'><strong>rai</strong></span> <span class='ocrx_word' id='word_1_88' title='bbox 644 2327 784 2405; x_wconf 76' lang='lat' dir='ltr'><strong>apprimo</strong></span> <span class='ocrx_word' id='word_1_89' title='bbox 805 2329 938 2404; x_wconf 85' lang='lat' dir='ltr'><strong>conscio,</strong></span> <span class='ocrx_word' id='word_1_90' title='bbox 951 2348 1002 2390; x_wconf 89' lang='lat' dir='ltr'><strong>me</strong></span> 
     </span>
     <span class='ocr_line' id='line_1_18' title="bbox 49 2419 1003 2505; baseline 0.002 -23"><span class='ocrx_word' id='word_1_91' title='bbox 49 2421 227 2499; x_wconf 86' lang='lat' dir='ltr'><strong>quantocius</strong></span> <span class='ocrx_word' id='word_1_92' title='bbox 248 2421 503 2497; x_wconf 86' lang='lat' dir='ltr'><strong>comprehensum</strong></span> <span class='ocrx_word' id='word_1_93' title='bbox 525 2419 566 2480; x_wconf 90' lang='lat' dir='ltr'><strong>iri</strong></span> <span class='ocrx_word' id='word_1_94' title='bbox 588 2421 667 2482; x_wconf 85' lang='lat' dir='ltr'><strong>etin</strong></span> <span class='ocrx_word' id='word_1_95' title='bbox 682 2424 1003 2505; x_wconf 72' lang='lat' dir='ltr'><strong>carceresabduoen-</strong></span> 
     </span>
     <span class='ocr_line' id='line_1_19' title="bbox 51 2513 1002 2594; baseline 0.006 -22"><span class='ocrx_word' id='word_1_96' title='bbox 51 2514 226 2586; x_wconf 77' lang='lat' dir='ltr'><strong>dominre,</strong></span> <span class='ocrx_word' id='word_1_97' title='bbox 248 2513 319 2571; x_wconf 90' lang='lat' dir='ltr'><strong>inde</strong></span> <span class='ocrx_word' id='word_1_98' title='bbox 349 2530 425 2572; x_wconf 84' lang='lat' dir='ltr'><strong>vero</strong></span> <span class='ocrx_word' id='word_1_99' title='bbox 453 2513 596 2574; x_wconf 84' lang='lat' dir='ltr'><strong>omnibns</strong></span> <span class='ocrx_word' id='word_1_100' title='bbox 616 2513 694 2574; x_wconf 85' lang='lat' dir='ltr'><strong>meis</strong></span> <span class='ocrx_word' id='word_1_101' title='bbox 717 2514 805 2574; x_wconf 90' lang='lat' dir='ltr'><strong>bonis</strong></span> <span class='ocrx_word' id='word_1_102' title='bbox 831 2517 1002 2594; x_wconf 88' lang='lat' dir='ltr'><strong>spoliatum</strong></span> 
     </span>
     <span class='ocr_line' id='line_1_20' title="bbox 52 2607 1004 2686; baseline 0.005 -19"><span class='ocrx_word' id='word_1_103' title='bbox 52 2609 79 2668; x_wconf 93' lang='lat' dir='ltr'><strong>in</strong></span> <span class='ocrx_word' id='word_1_104' title='bbox 102 2609 304 2686; x_wconf 84' lang='lat' dir='ltr'><strong>longinquam</strong></span> <span class='ocrx_word' id='word_1_105' title='bbox 329 2607 488 2685; x_wconf 80' lang='lat' dir='ltr'><strong>regionem</strong></span> <span class='ocrx_word' id='word_1_106' title='bbox 520 2626 584 2668; x_wconf 87' lang='lat' dir='ltr'><strong>esse</strong></span> <span class='ocrx_word' id='word_1_107' title='bbox 612 2609 849 2686; x_wconf 83' lang='lat' dir='ltr'><strong>deportandum.</strong></span> <span class='ocrx_word' id='word_1_108' title='bbox 878 2611 1004 2672; x_wconf 84' lang='lat' dir='ltr'><strong>Timore</strong></span> 
     </span>
     <span class='ocr_line' id='line_1_21' title="bbox 53 2700 1004 2780; baseline 0.002 -19"><span class='ocrx_word' id='word_1_109' title='bbox 53 2704 168 2780; x_wconf 83' lang='lat' dir='ltr'><strong>egentis</strong></span> <span class='ocrx_word' id='word_1_110' title='bbox 183 2705 218 2762; x_wconf 87' lang='lat' dir='ltr'><strong>et</strong></span> <span class='ocrx_word' id='word_1_111' title='bbox 230 2700 366 2762; x_wconf 85' lang='lat' dir='ltr'><strong>infelicis</strong></span> <span class='ocrx_word' id='word_1_112' title='bbox 381 2701 486 2775; x_wconf 85' lang='lat' dir='ltr'><strong>ritae,</strong></span> <span class='ocrx_word' id='word_1_113' title='bbox 502 2701 605 2762; x_wconf 83' lang='lat' dir='ltr'><strong>fateor</strong></span> <span class='ocrx_word' id='word_1_114' title='bbox 619 2705 653 2762; x_wconf 87' lang='lat' dir='ltr'><strong>et</strong></span> <span class='ocrx_word' id='word_1_115' title='bbox 667 2702 811 2775; x_wconf 84' lang='lat' dir='ltr'><strong>declaro,</strong></span> <span class='ocrx_word' id='word_1_116' title='bbox 828 2703 926 2764; x_wconf 85' lang='lat' dir='ltr'><strong>solum</strong></span> <span class='ocrx_word' id='word_1_117' title='bbox 947 2705 1004 2763; x_wconf 88' lang='lat' dir='ltr'><strong>hoc</strong></span> 
     </span>
     <span class='ocr_line' id='line_1_22' title="bbox 55 2795 1006 2872; baseline 0.001 -17"><span class='ocrx_word' id='word_1_118' title='bbox 55 2799 160 2858; x_wconf 88' lang='lat' dir='ltr'><strong>timore</strong></span> <span class='ocrx_word' id='word_1_119' title='bbox 180 2797 332 2857; x_wconf 87' lang='lat' dir='ltr'><strong>adductus</strong></span> <span class='ocrx_word' id='word_1_120' title='bbox 352 2795 410 2868; x_wconf 84' lang='lat' dir='ltr'><strong>fui,</strong></span> <span class='ocrx_word' id='word_1_121' title='bbox 424 2798 462 2854; x_wconf 92' lang='lat' dir='ltr'><strong>ut</strong></span> <span class='ocrx_word' id='word_1_122' title='bbox 482 2795 670 2869; x_wconf 70' lang='lat' dir='ltr'><strong>abdicarem</strong></span> <span class='ocrx_word' id='word_1_123' title='bbox 683 2796 929 2872; x_wconf 88' lang='lat' dir='ltr'><strong>quandoquidem</strong></span> <span class='ocrx_word' id='word_1_124' title='bbox 948 2815 1006 2856; x_wconf 84' lang='lat' dir='ltr'><strong>no-</strong></span> 
     </span>
     <span class='ocr_line' id='line_1_23' title="bbox 56 2887 1006 2967; baseline -0.002 -15"><span class='ocrx_word' id='word_1_125' title='bbox 56 2892 131 2952; x_wconf 85' lang='lat' dir='ltr'><strong>visse</strong></span> <span class='ocrx_word' id='word_1_126' title='bbox 151 2888 241 2967; x_wconf 88' lang='lat' dir='ltr'><strong>potui</strong></span> <span class='ocrx_word' id='word_1_127' title='bbox 263 2889 384 2949; x_wconf 90' lang='lat' dir='ltr'><strong>nullum</strong></span> <span class='ocrx_word' id='word_1_128' title='bbox 406 2904 567 2964; x_wconf 84' lang='lat' dir='ltr'><strong>superesse</strong></span> <span class='ocrx_word' id='word_1_129' title='bbox 588 2887 723 2948; x_wconf 87' lang='lat' dir='ltr'><strong>medium</strong></span> <span class='ocrx_word' id='word_1_130' title='bbox 745 2889 934 2950; x_wconf 84' lang='lat' dir='ltr'><strong>subducandi</strong></span> <span class='ocrx_word' id='word_1_131' title='bbox 956 2906 1006 2950; x_wconf 85' lang='lat' dir='ltr'><strong>mc</strong></span> 
     </span>
     <span class='ocr_line' id='line_1_24' title="bbox 55 2980 1004 3062; baseline -0.004 -16"><span class='ocrx_word' id='word_1_132' title='bbox 55 2983 234 3062; x_wconf 82' lang='lat' dir='ltr'><strong>apraedicti</strong></span> <span class='ocrx_word' id='word_1_133' title='bbox 256 2981 379 3044; x_wconf 88' lang='lat' dir='ltr'><strong>consilii</strong></span> <span class='ocrx_word' id='word_1_134' title='bbox 394 2981 614 3058; x_wconf 82' lang='lat' dir='ltr'><strong>exequutione,</strong></span> <span class='ocrx_word' id='word_1_135' title='bbox 629 2998 720 3058; x_wconf 88' lang='lat' dir='ltr'><strong>quam</strong></span> <span class='ocrx_word' id='word_1_136' title='bbox 736 2981 848 3041; x_wconf 88' lang='lat' dir='ltr'><strong>utiam</strong></span> <span class='ocrx_word' id='word_1_137' title='bbox 870 2980 1004 3058; x_wconf 87' lang='lat' dir='ltr'><strong>amplius</strong></span> 
     </span>
     <span class='ocr_line' id='line_1_25' title="bbox 57 3075 437 3140; baseline -0.016 0"><span class='ocrx_word' id='word_1_138' title='bbox 57 3075 225 3140; x_wconf 77' lang='lat' dir='ltr'><strong>Cardinalis</strong></span> <span class='ocrx_word' id='word_1_139' title='bbox 248 3093 307 3134; x_wconf 91' lang='lat' dir='ltr'><strong>non</strong></span> <span class='ocrx_word' id='word_1_140' title='bbox 327 3093 437 3136; x_wconf 83' lang='lat' dir='ltr'><strong>essem.</strong></span> 
     </span>
    </p>

    <p class='ocr_par' dir='ltr' id='par_1_9' title="bbox 26 3163 1009 3618">
     <span class='ocr_line' id='line_1_26' title="bbox 112 3163 1006 3240; baseline -0.003 -11"><span class='ocrx_word' id='word_1_141' title='bbox 112 3171 195 3229; x_wconf 87' lang='lat' dir='ltr'><strong>Tunc</strong></span> <span class='ocrx_word' id='word_1_142' title='bbox 216 3184 276 3226; x_wconf 90' lang='lat' dir='ltr'><strong>non</strong></span> <span class='ocrx_word' id='word_1_143' title='bbox 299 3163 525 3239; x_wconf 86' lang='lat' dir='ltr'><strong>animadverti,</strong></span> <span class='ocrx_word' id='word_1_144' title='bbox 547 3165 774 3226; x_wconf 84' lang='lat' dir='ltr'><strong>advertendum</strong></span> <span class='ocrx_word' id='word_1_145' title='bbox 795 3167 899 3226; x_wconf 86' lang='lat' dir='ltr'><strong>tamen</strong></span> <span class='ocrx_word' id='word_1_146' title='bbox 921 3168 1006 3240; x_wconf 86' lang='lat' dir='ltr'><strong>erat,</strong></span> 
     </span>
     <span class='ocr_line' id='line_1_27' title="bbox 59 3256 1008 3338; baseline -0.003 -18"><span class='ocrx_word' id='word_1_147' title='bbox 59 3280 142 3338; x_wconf 91' lang='lat' dir='ltr'><strong>quam</strong></span> <span class='ocrx_word' id='word_1_148' title='bbox 162 3259 253 3320; x_wconf 81' lang='lat' dir='ltr'><strong>facile</strong></span> <span class='ocrx_word' id='word_1_149' title='bbox 275 3259 494 3321; x_wconf 82' lang='lat' dir='ltr'><strong>Cardinalatus</strong></span> <span class='ocrx_word' id='word_1_150' title='bbox 524 3256 679 3319; x_wconf 82' lang='lat' dir='ltr'><strong>abdicatio</strong></span> <span class='ocrx_word' id='word_1_151' title='bbox 708 3256 740 3317; x_wconf 91' lang='lat' dir='ltr'><strong>in</strong></span> <span class='ocrx_word' id='word_1_152' title='bbox 766 3257 834 3319; x_wconf 88' lang='lat' dir='ltr'><strong>illis</strong></span> <span class='ocrx_word' id='word_1_153' title='bbox 855 3257 1008 3318; x_wconf 83' lang='lat' dir='ltr'><strong>Gubernii</strong></span> 
     </span>
     <span class='ocr_line' id='line_1_28' title="bbox 60 3350 1009 3432; baseline -0.001 -18"><span class='ocrx_word' id='word_1_154' title='bbox 60 3358 89 3414; x_wconf 92' lang='lat' dir='ltr'><strong>et</strong></span> <span class='ocrx_word' id='word_1_155' title='bbox 101 3355 290 3414; x_wconf 87' lang='lat' dir='ltr'><strong>sistematum</strong></span> <span class='ocrx_word' id='word_1_156' title='bbox 306 3350 554 3413; x_wconf 81' lang='lat' dir='ltr'><strong>circumstantiis</strong></span> <span class='ocrx_word' id='word_1_157' title='bbox 566 3369 658 3412; x_wconf 84' lang='lat' dir='ltr'><strong>causa</strong></span> <span class='ocrx_word' id='word_1_158' title='bbox 669 3353 813 3415; x_wconf 89' lang='lat' dir='ltr'><strong>scandalo</strong></span> <span class='ocrx_word' id='word_1_159' title='bbox 826 3371 893 3414; x_wconf 87' lang='lat' dir='ltr'><strong>esse</strong></span> <span class='ocrx_word' id='word_1_160' title='bbox 904 3357 1009 3432; x_wconf 84' lang='lat' dir='ltr'><strong>posset</strong></span> 
     </span>
     <span class='ocr_line' id='line_1_29' title="bbox 26 3446 1009 3524; baseline 0.002 -17"><span class='ocrx_word' id='word_1_161' title='bbox 26 3453 27 3458; x_wconf 77' lang='grc'>’</span> <span class='ocrx_word' id='word_1_162' title='bbox 60 3446 173 3524; x_wconf 86' lang='lat' dir='ltr'><strong>pusillis</strong></span> <span class='ocrx_word' id='word_1_163' title='bbox 193 3451 227 3508; x_wconf 89' lang='lat' dir='ltr'><strong>et</strong></span> <span class='ocrx_word' id='word_1_164' title='bbox 248 3447 365 3520; x_wconf 86' lang='lat' dir='ltr'><strong>dubiis,</strong></span> <span class='ocrx_word' id='word_1_165' title='bbox 381 3447 535 3523; x_wconf 88' lang='lat' dir='ltr'><strong>triumphi</strong></span> <span class='ocrx_word' id='word_1_166' title='bbox 549 3449 653 3506; x_wconf 87' lang='lat' dir='ltr'><strong>autem</strong></span> <span class='ocrx_word' id='word_1_167' title='bbox 676 3447 796 3507; x_wconf 89' lang='lat' dir='ltr'><strong>occasio</strong></span> <span class='ocrx_word' id='word_1_168' title='bbox 816 3448 1009 3509; x_wconf 82' lang='lat' dir='ltr'><strong>alterutrius</strong></span> 
     </span>
     <span class='ocr_line' id='line_1_30' title="bbox 63 3538 1008 3618; baseline -0.001 -17"><span class='ocrx_word' id='word_1_169' title='bbox 63 3542 275 3603; x_wconf 85' lang='lat' dir='ltr'><strong>sectatoribus:</strong></span> <span class='ocrx_word' id='word_1_170' title='bbox 299 3543 414 3601; x_wconf 85' lang='lat' dir='ltr'><strong>etenim</strong></span> <span class='ocrx_word' id='word_1_171' title='bbox 444 3539 598 3600; x_wconf 88' lang='lat' dir='ltr'><strong>abdicatio</strong></span> <span class='ocrx_word' id='word_1_172' title='bbox 620 3538 770 3617; x_wconf 79' lang='lat' dir='ltr'><strong>oprimis</strong></span> <span class='ocrx_word' id='word_1_173' title='bbox 797 3542 919 3618; x_wconf 91' lang='lat' dir='ltr'><strong>quidem</strong></span> <span class='ocrx_word' id='word_1_174' title='bbox 941 3541 1008 3601; x_wconf 85' lang='lat' dir='ltr'><strong>illis</strong></span> 
     </span>
    </p>
   </div>
   <div class='ocr_carea' id='block_1_9' title="bbox 151 3661 917 3714">
    <p class='ocr_par' dir='ltr' id='par_1_10' title="bbox 151 3661 917 3714">
     <span class='ocr_line' id='line_1_31' title="bbox 151 3661 917 3714; baseline 0 -2"><span class='ocrx_word' id='word_1_175' title='bbox 151 3661 207 3713; x_wconf 81' lang='lat' dir='ltr'><strong>Vol.</strong></span> <span class='ocrx_word' id='word_1_176' title='bbox 224 3662 268 3712; x_wconf 91' lang='grc' dir='ltr'><strong>ΙΙ.</strong></span> <span class='ocrx_word' id='word_1_177' title='bbox 887 3666 917 3714; x_wconf 82' lang='grc'><strong>17</strong></span> 
     </span>
    </p>
   </div>
   <div class='ocr_carea' id='block_1_10' title="bbox 0 0 1294 4200">
    <p class='ocr_par' dir='ltr' id='par_1_11' title="bbox 0 0 1294 4200">
     <span class='ocr_line' id='line_1_32' title="bbox 0 0 1294 4200; baseline 0 0"><span class='ocrx_word' id='word_1_178' title='bbox 0 0 1294 4200; x_wconf 95' lang='lat' dir='ltr'><strong> </strong></span> 
     </span>
    </p>
   </div>
  </div>
 </body>
</html>
