2424 4196
413 225 592 286 -115-

30 335 102 394 sima
128 333 331 410 quaestione,
353 330 498 392 extitisse
519 333 757 406 contentiones;
779 332 852 394 aliia
872 333 986 399 existi-

30 427 180 488 mantibus
202 425 382 488 usurarium
404 443 471 486 esse
491 427 642 504 quidquid
663 445 759 504 supra
779 429 895 487 sortem
915 428 986 488 exi·

32 527 121 603 gitur,
144 525 204 584 nisi
226 524 326 584 fuerit
347 527 473 584 lucram
492 541 618 585 cessans
638 529 695 586 aut
715 527 873 587 damnum
886 543 987 587 emcr-

30 637 118 696 peas:
139 619 354 680 asserentibus
382 617 473 689 aliis,
497 617 577 677 nihil
602 635 670 677 esse
698 619 831 694 peccati,
855 620 880 678 si
902 639 934 680 v.
952 639 983 698 g.

28 717 158 778 iructnm
177 716 348 795 percipiam
371 734 411 776 ex
432 716 564 793 pecnnia
578 716 609 774 in
639 720 782 777 mutuum
804 720 890 792 data,
905 737 984 796 quaa

27 810 188 888 accipienti
203 809 360 885 copiosum
381 810 413 868 in
437 809 651 886 negociatione
673 811 917 872 emolumentum
937 813 988 874 af·

26 904 101 964 lert:
118 905 261 980 hancque
275 903 378 962 mutui
390 902 522 978 speciem
544 907 660 962 vocant
672 913 821 964 mutuam
834 923 986 967 commer-

26 998 75 1056 cii.
90 996 173 1056 Hinc
195 994 340 1054 nonnulli
355 993 548 1054 contendunt
563 1001 689 1072 praeter
703 998 851 1074 vulgatos
865 998 985 1075 aliquid

26 1111 116 1170 supra
138 1097 258 1162 sortem
279 1093 450 1170 accipiendi
472 1095 506 1153 st
525 1097 715 1154 memoratos
737 1095 849 1156 titulos
870 1097 987 1158 damni

25 1190 216 1265 eaecrqentis
236 1194 268 1246 ct
289 1189 373 1246 lueri
393 1187 568 1256 cessantis,
592 1187 722 1246 tertium
744 1190 897 1265 quendam
917 1208 986 1251 esse

25 1283 266 1358 agnoscendum,
288 1280 409 1340 scilicet
431 1279 516 1340 lucri
535 1279 753 1340 Maecianus.

80 1379 132 1438 Ex
153 1375 212 1434 ille
233 1391 326 1450 porro
340 1375 518 1451 opinionum
534 1373 693 1435 varietate
707 1375 844 1452 contigit
866 1380 901 1436 ut
915 1375 985 1453 plu·

25 1487 70 1528 ros
90 1467 297 1540 confessarii,
319 1485 503 1545 quamquam
529 1467 628 1543 priori
657 1468 832 1529 sententiae
853 1468 985 1542 addicti,

24 1563 220 1640 poenitentes
240 1560 325 1621 circa
345 1559 497 1619 eiusmodi
526 1577 635 1620 usuras
665 1560 828 1636 nequidem
849 1562 987 1621 interro·

25 1673 94 1732 gare
116 1654 186 1715 ansi
208 1653 349 1726 luerint3
372 1654 471 1713 satius
487 1671 553 1712 esse
575 1653 800 1714 existimabant
814 1671 866 1714 eos
886 1655 986 1730 quaii-

27 1767 155 1825 cumque
184 1747 283 1806 bonae
310 1747 382 1806 fidei
408 1747 630 1819 committere,
654 1764 745 1822 quarn
775 1747 882 1820 veris,
910 1765 986 1824 quas

24 1861 77 1901 non
100 1845 256 1920 poterant
277 1843 405 1916 portare
426 1843 528 1913 modo,
552 1841 692 1900 imbuere
713 1841 879 1901 doctrinis.

77 1940 186 2012 Atque
206 1934 235 1993 is
256 1938 327 1994 erat
346 1933 578 1994 controversiae
593 1938 707 2006 status,
723 1937 846 2010 quando
866 1935 987 2010 prodiit

24 2031 205 2090 Conventus
220 2025 389 2086 nationalis
411 2027 584 2100 decretum,
599 2043 659 2102 quo
674 2044 714 2086 ex
728 2030 873 2088 mutuata
894 2045 988 2104 pecu·

24 2122 72 2182 nia
94 2121 237 2180 fructum
259 2137 396 2178 annuum
417 2125 450 2178 et
472 2120 643 2193 stipulaudi
659 2126 691 2179 et
705 2120 895 2197 percipiendi
918 2122 989 2181 uni·

23 2215 132 2290 cuique
153 2216 279 2272 asserta
298 2214 348 2270 est
376 2214 526 2290 potestas.
553 2215 660 2289 Neque
682 2212 756 2273 ullis
784 2213 888 2273 voluit
908 2214 987 2275 hanc

25 2323 108 2368 suam
131 2305 235 2382 legem
257 2303 472 2364 circumscribi
493 2304 651 2365 limitibus
667 2306 834 2366 nationalis
849 2308 989 2368 Conven-

23 2407 89 2474 tus,
121 2415 192 2458 cum
221 2397 341 2457 nullam
369 2415 489 2459 annuae
520 2398 744 2476 praestationis
771 2402 878 2460 taxum
910 2401 989 2462 assi·

25 2491 185 2570 gnaverit.
711 2521 714 2526 ·

80 2585 174 2647 ‹His
188 2585 539 2661 praemissis‚,nonnulli
558 2589 735 2647 sacerdotes
755 2587 871 2649 Gallici
886 2587 917 2648 in
933 2606 987 2666 pa·

24 2695 41 2738 t
54 2679 152 2739 triam
166 2695 239 2738 mox
253 2679 415 2738 reversuri
430 2680 591 2760 postulant
605 2684 642 2739 ut
653 2683 825 2755 statuatur,
834 2684 988 2758 quomodo

25 2773 86 2830 »in
113 2771 267 2832 tribunali
297 2771 511 2848 poenitentiae
538 2774 692 2849 agendum
720 2773 764 2834 sit
784 2791 853 2833 cum
876 2774 915 2832 iis
934 2771 988 2848 qui

27 2879 93 2923 »cx
109 2864 242 2941 pecunia
256 2881 314 2922 non
334 2864 473 2923 alienata
486 2863 623 2923 fructum
640 2884 774 2925 annuum
797 2865 987 2941 percipiunt,

28 2973 155 3034 »neque
178 2957 393 3032 exceptionem
410 2959 493 3018 lucri
507 2962 661 3018 cessantis
680 2967 739 3018 aut
760 2960 876 3018 domni
891 2973 990 3016 emer-

26 3054 165 3128 »qentis
188 3054 319 3128 possunt
339 3053 557 3128 praetendere,
574 3052 625 3110 sed
640 3051 855 3127 exceptionem
877 3051 989 3110 solum-

26 3147 146 3204 »modo
170 3147 256 3204 lucri
277 3145 495 3216 advenientis,
512 3143 578 3202 sive
599 3143 660 3220 ipsi
683 3143 879 3220 poenitentes
900 3161 937 3202 ea
952 3145 989 3202 de

26 3253 90 3296 »re
113 3255 186 3298 suas
207 3236 397 3296 confessario
425 3237 603 3297 anxietates
626 3237 789 3313 aperient,
812 3236 879 3296 sive
907 3236 989 3297 nihil

27 3345 188 3405 »prorsus
210 3329 297 3389 dubii
319 3329 525 3406 experiantur
546 3329 598 3388 vel
621 3329 839 3407 significent.»

84 3423 183 3488 Quam
211 3426 317 3481 autem
350 3422 512 3499 postulant
543 3423 656 3498 agendi
684 3421 825 3497 regulam
854 3440 935 3482 nnnc
956 3441 991 3483 eo

26 3515 123 3593 magis
137 3516 315 3577 necessaria
331 3515 540 3593 intelligitur,
555 3516 634 3592 quod
650 3515 860 3578 recentiorum
890 3516 992 3578 casui·

874 3623 891 3656 ἡ
