2424 4196
397 198 577 259 ..143-

77 303 179 364 Licere
199 307 420 368 ecelesiasticis
442 312 506 370 tam
528 309 740 370 saecularibus
761 325 852 385 quam
874 325 971 384 regu·

28 395 139 470 laribus,
162 401 238 459 bons
257 406 411 478 quotquot
432 403 633 475 exhibentur,
656 403 809 480 recipere,
832 406 866 462 et
891 402 971 461 bona

27 491 307 552 ecclesiasticarum
336 495 375 552 iis
396 513 522 568 emere,
545 502 582 556 ut
609 515 716 556 eornm
745 493 970 556 sustentationi

28 584 157 644 honestae
179 586 381 658 consulatur,
410 606 469 646 non
493 594 597 650 tamen
619 589 723 650 animo
744 589 915 648 dominium
936 590 968 648 in

28 678 92 738 bona
105 686 210 758 empta
230 681 424 757 acquirendi,
441 683 491 741 sed
508 702 545 744 ea
559 683 742 743 reservandi
756 685 794 742 ad
810 701 885 761 quas
901 701 971 760 per·

27 771 114 832 tinent
133 773 303 861 Ecclesiap,
319 775 442 851 quibus,
459 794 520 835 una
541 792 610 834 oum
632 775 788 836 fructibus
809 779 847 836 ad
871 777 970 836 vitam

25 883 73 924 non
92 867 288 940 necessariis,
311 871 485 944 opportune
506 869 636 928 reddere
659 869 861 942 tenebuntur,
884 873 918 928 et
938 869 969 928 id

24 975 52 1015 ea
69 958 152 1036 lege,
176 960 265 1019 utin
288 960 355 1037 ipsa
382 962 531 1020 bonorum
552 962 710 1038 emptione
732 963 915 1036 declarent,
938 979 970 1022 ee

22 1057 112 1127 empta
130 1052 280 1112 Ecclesiis
300 1060 483 1114 servaturos
497 1058 530 1113 et
544 1055 818 1116 accommodatiori
831 1059 970 1134 tempore

22 1145 200 1205 reddituros.
217 1147 357 1207 caveant
378 1147 566 1224 praesertim
585 1149 747 1225 regulares
763 1168 800 1209 ne
815 1151 896 1210 bona
910 1150 971 1210 sibi

21 1243 189 1316 comparent
210 1241 295 1300 citra
314 1241 475 1302 licentiam
496 1244 530 1301 et
550 1260 732 1302 consensum
754 1261 861 1303 eorum
883 1261 974 1321 snpe-

21 1333 138 1408 riorum,
163 1333 189 1393 si
212 1333 314 1393 facilis
335 1335 379 1394 sit
399 1336 435 1394 ud
459 1353 511 1394 eos
533 1352 690 1395 recursus.

69 1430 341 1507 Curentden'ique
362 1429 569 1489 ecclesiastici
591 1434 657 1490 tum
679 1431 877 1504 saeculares,
905 1435 972 1490 tum

21 1523 185 1598 regulares,
209 1541 246 1581 ne
270 1521 335 1581 ulla
355 1521 505 1581 omittant
525 1521 627 1582 media
647 1541 666 1581 a
686 1523 755 1600 lege
778 1523 974 1600 praescripta

21 1613 99 1690 (quae
122 1623 242 1689 tamen,
265 1633 321 1692 pro
343 1623 520 1691 temporum
541 1615 773 1696 vicissitudine,
795 1618 896 1676 locum
919 1618 974 1675 ha·

20 1707 82 1768 bere
104 1710 282 1788 poterunt),
300 1713 336 1767 ut
356 1708 442 1768 dicta
463 1709 544 1767 bona
564 1710 659 1769 etiam
682 1713 752 1784 post
773 1715 905 1768 mortem
920 1727 974 1768 eo-

19 1816 90 1875 rum,
113 1803 147 1861 in
171 1801 307 1860 dominio
329 1800 487 1860 Ecclesiae
508 1806 723 1878 permaneant,
740 1804 773 1861 et
794 1803 973 1862 nullatenus

20 1894 251 1972 dispergantur:
274 1894 354 1970 quod
377 1894 402 1953 si
423 1894 501 1953 cleri
528 1896 687 1970 praesides
716 1894 974 1956 animadvertant

17 1992 257 2053 ecclesiasticum
285 1994 367 2051 hunc
397 1992 510 2069 agendi
538 1994 660 2052 modum
693 1992 831 2052 fidelium
861 1993 973 2053 animis

18 2089 156 2148 scandalo
177 2106 255 2159 esse,
279 2105 386 2146 eorum
407 2087 472 2146 erit
493 2105 550 2164 pro
573 2087 692 2147 viribus
715 2087 844 2164 pusillos
864 2089 973 2147 dooere

15 2178 41 2239 id
62 2185 156 2254 dura,
179 2182 290 2258 quibus
311 2181 516 2242 ecelesiastici
538 2183 688 2254 subsunt,
711 2181 795 2241 ferre
820 2189 974 2258 tempora,

17 2279 44 2333 et
62 2277 177 2335 melius
198 2293 276 2346 esse,
296 2275 367 2332 dum
392 2274 497 2334 omnia
518 2274 597 2332 bona
611 2274 768 2335 Ecclesiae
790 2275 975 2350 periclitan-

18 2371 73 2440 tur,
97 2389 135 2428 ea
160 2368 274 2444 partim
298 2368 393 2439 tueri,
408 2371 502 2444 atque
521 2368 627 2443 plores
641 2369 723 2430 aliae
738 2369 809 2429 addi
824 2374 976 2447 poterunt

16 2463 162 2533 rationes,
186 2479 262 2537 quas
283 2479 383 2538 aequa
403 2479 490 2520 mens
512 2464 671 2538 suggeret.

67 2559 185 2616 Datum
207 2559 323 2616 Romae
344 2554 395 2614 die
415 2555 459 2615 1v
480 2555 646 2615 Februarii
667 2557 902 2618 MDCOXGVII.

522 2703 600 2781 Ipn.
624 2701 815 2766 Gordinolis
834 2707 952 2766 Rusca.

15 2883 224 2940 Ecclesiastiqnes
241 2881 271 2930 de
287 2881 315 2929 la
331 2881 452 2940 Belgicus
468 2894 501 2928 en
518 2881 719 2941 representation
734 2881 764 2928 de
778 2880 976 2939 laurepenslous

14 2955 42 3004 ds
55 2960 161 3006 retraite
177 2971 213 3004 ne
224 2954 386 3020 peuri-nient
403 2953 458 3004 Stre
480 2957 608 3020 enployes
632 2955 681 3018 qui
702 2970 735 3004 en
758 2952 922 3016 acquisitinn
944 2951 976 2999 de

13 3031 83 3081 biens
101 3032 257 3081 nationesne
272 3031 354 3080 situds
366 3031 433 3080 done
445 3032 482 3079 les
495 3031 674 3095 deportemus
684 3029 785 3090 reninis,
796 3027 828 3077 ni
839 3028 893 3076 &tre
904 3025 976 3075 azid-

13 3107 55 3154 ne's
73 3123 111 3156 ou
128 3107 204 3156 cedes
221 3106 238 3154 ὰ
254 3115 339 3155 tontes
356 3115 446 3155 autres
458 3121 615 3170 personnae,
628 3105 677 3168 qui
689 3105 804 3153 seroient
815 3103 929 3166 iniquos.
940 3109 976 3152 Le

12 3189 94 3248 olergd
113 3191 144 3238 de
160 3191 188 3237 la
204 3191 324 3248 Belgicae
340 3203 372 3237 na
388 3191 479 3236 voulut
494 3190 567 3248 point
582 3188 685 3247 profiter
701 3188 732 3234 de
749 3189 813 3234 cette
831 3186 902 3243 offro,
915 3197 976 3232 sans
1052 3181 1054 3184 ’

13 3268 84 3312 avoir
100 3268 118 3313 l’
127 3267 297 3325 approbation
307 3266 341 3312 du
353 3264 524 3324 Saint-Sidge.
536 3265 559 3311 Il
570 3265 685 3312 consulte
697 3264 771 3322 dono,
783 3265 808 3310 et
820 3263 902 3309 obtint
911 3263 977 3309 cette

12 3353 119 3400 rapouse
130 3357 178 3402 par
188 3344 214 3389 la
223 3343 378 3390 Nonciature
389 3343 555 3400 Apostolique
571 3341 602 3387 de
619 3342 737 3399 cologue,
756 3340 798 3398 qui
814 3340 842 3387 la
856 3339 977 3386 transmit

12 3416 41 3463 de
57 3421 176 3465 Munster
193 3433 225 3466 on
240 3419 288 3467 elle
304 3417 416 3474 rosidoit,
429 3432 462 3464 au
472 3420 560 3476 Doyen
571 3417 602 3464 de
612 3417 639 3466 la
649 3415 785 3475 collegiale
801 3414 832 3464 de
849 3418 972 3475 Tungros.

13 3488 96 3552 (Not.
110 3493 190 3542 Edit.
201 3493 277 3542 Rom.
289 3492 358 3542 1800.
372 3499 433 3541 tom.
444 3490 469 3540 3.
477 3507 508 3556 p.
520 3489 593 3555 347.)
760 3495 762 3500 '
826 3493 831 3502 '
