2424 4196
291 330 495 406 Optabamus,
518 331 697 408 etquidem
720 332 1007 402 vehementissime,
1031 332 1176 393 Fraterui-

231 423 310 484 tatis
331 426 403 484 tuae
419 425 503 484 votis
517 443 668 498 annuere,
683 427 897 502 Nostrumque
913 425 1064 487 iudicium
1078 428 1113 486 de
1126 426 1176 485 siu·

231 517 315 594 gulis
336 520 410 577 tuae
432 517 600 595 pastoralis
614 519 838 579 instructionis
853 519 1013 596 capitulis,
1029 519 1174 597 dequibus

229 610 295 670 Nos
316 611 529 685 connumeras,
552 613 678 690 aperire
694 613 763 672 tibi:
780 615 833 672 sed
848 631 918 673 oum
934 613 1108 691 praepediti
1122 629 1176 689 gra·

230 702 368 762 vissimis
388 703 582 766 christianae
603 705 797 782 reipublicae
812 707 962 783 negociis,
978 708 1011 767 id
1026 706 1131 766 statim
1144 705 1175 763 fu·

209 815 302 857 ‘cere
330 815 390 857 uon
419 800 632 875 potuerimus,
661 803 920 878 opportuniorem
955 799 1175 879 expectabamus

232 893 441 967 occasionem,
464 897 501 953 nt
521 893 551 954 id
574 893 698 972 plenius
719 912 957 973 exequoremnr.
970 898 1018 957 Ex
1034 894 1085 954 his
1104 891 1174 953 facile

230 987 402 1064 intelliges,
417 1005 475 1047 cur
488 989 640 1049 hactenus
654 1006 774 1050 moram
789 989 957 1050 fecerimus
976 985 1172 1066 respondendi,

231 1089 265 1144 et
283 1098 380 1158 quare
395 1082 491 1142 etiam
508 1100 568 1143 non
585 1083 778 1160 potuerimus
792 1083 920 1161 singula
934 1087 1008 1145 tuae
1023 1079 1173 1160 pastoralis

230 1173 452 1236 Instructionis
477 1176 583 1252 capita
610 1179 807 1254 expendere,
830 1180 867 1238 nt
888 1178 1070 1237 absolutum
1096 1177 1129 1234 de
1147 1171 1173 1229 iis

229 1271 381 1330 Nostrum
402 1268 463 1328 tibi
484 1268 635 1330 iudicium
656 1271 944 1332 manifestaremus.
958 1271 1059 1338 Quam
1075 1268 1173 1346 quiden

231 1361 342 1440 agendi
360 1363 528 1435 rationem,
541 1365 669 1423 eandem
688 1365 726 1422 ob
749 1377 891 1436 causam,
906 1364 993 1440 sequi
1012 1361 1116 1423 coacti
1132 1357 1173 1418 fui·

231 1474 301 1516 mus
321 1474 390 1515 oum
411 1456 649 1533 quampluribus
669 1456 741 1516 aliis
763 1455 887 1517 Galliae
908 1456 1111 1528 Antiatibus3
1131 1452 1174 1529 qui,

231 1551 408 1626 eodemque
422 1550 624 1610 Fraternitas
636 1549 820 1625 tuaspiritu
836 1549 1013 1610 devotionis
1030 1567 1110 1627 erga
1120 1548 1175 1605 huuc
1197 1569 1198 1578 κ

230 1643 444 1722 Apostolioam
464 1645 576 1704 Sedam
597 1643 697 1717 ducti,
710 1661 782 1703 suas
797 1643 973 1720 pastorales
994 1637 1174 1720 epistolasud

231 1739 297 1799 Nos
318 1736 485 1804 miserunt.
1110 1733 1116 1750 ’

291 1831 396 1892 Rebus
416 1829 465 1890 ita
485 1847 517 1889 se
539 1830 738 1904 habentibus,
754 1829 871 1890 retulit
884 1829 982 1890 Nobis
997 1829 1130 1890 dilectus
1141 1825 1176 1886 ui·

230 1926 293 1988 lius
313 1928 431 1988 Noster
452 1927 485 1986 S.
509 1928 549 1986 R.
572 1928 609 1986 E.
632 1927 810 1987 Oardinalis
833 1928 870 1985 de
892 1927 1018 1999 Zelada,
1044 1925 1174 1985 redditam

231 2020 292 2080 sibi
313 2037 380 2080 esse
394 2017 627 2080 Fraterniiatis
640 2023 713 2078 tuae
728 2019 893 2097 epistolam
909 2019 1064 2096 scriptam
1080 2018 1131 2079 sub
1142 2014 1174 2072 dio

231 2113 343 2191 quinta
362 2113 499 2190 Augusti
521 2112 679 2172 currentis
695 2114 787 2188 anni3
803 2132 865 2190 qna
877 2113 1064 2190 querebaris
1079 2109 1174 2170 nulluu

231 2207 384 2268 hactenns
404 2224 423 2265 a
443 2206 541 2268 Nobis
552 2206 706 2283 accepisse
721 2225 919 2285 responsum,
934 2208 1103 2284 eodemque
1117 2207 1174 2263 teu·

231 2315 307 2377 pore
327 2315 441 2374 cupere
462 2304 494 2358 te
516 2299 730 2374 vehementer,
753 2305 790 2360 ut
811 2300 970 2378 prioribus
991 2300 1058 2360 tuis
1079 2292 1174 2358 lituris

231 2391 649 2469 responsiouuamprimum
676 2394 820 2455 daretur.
854 2395 956 2462 Quare
982 2411 1056 2452 oum
1078 2409 1115 2452 ex
1133 2401 1174 2446 uus

231 2489 323 2562 parte
344 2501 531 2562 urgeremur
547 2485 611 2546 tuis
625 2486 775 2560 Litteris,
789 2505 831 2546 ex
845 2487 950 2547 altera
964 2503 1041 2547 vero
1058 2481 1173 2563 apprime

231 2577 485 2656 intelligeremus
500 2579 674 2656 pastorales
688 2597 781 2640 eures
794 2581 928 2641 Nostros
944 2598 1003 2639 uon
1018 2577 1128 2650 minui,
1138 2569 1172 2632 sot

234 2676 266 2735 iu
288 2675 354 2736 diss
374 2677 486 2753 augeri
506 2681 636 2753 propter
656 2675 841 2737 difficillima
869 2674 1064 2736 christianae
1093 2672 1173 2746 reipu-

231 2769 333 2829 blicae
356 2771 508 2846 tempora,
531 2771 657 2847 aliquod
681 2771 815 2829 dandum
830 2769 1046 2830 Fraterniteti
1062 2773 1171 2829 suasu
1195 2769 1196 2828 l

232 2879 378 2940 sponsum
391 2863 541 2921 arbitrati
553 2880 673 2936 sumus,
685 2864 763 2939 quod
778 2860 996 2938 praesentibus
1009 2862 1060 2921 his
1071 2853 1172 2923 Nostris

231 2956 354 3017 litteris
376 2954 519 3015 facimus.

277 3037 1172 3124 'Quamvisautemsuomuiapastoralistuaelustruotiouis

232 3145 348 3222 capita,
363 3162 442 3221 quae
454 3143 492 3202 ad
505 3140 704 3218 Religionem
719 3143 859 3201 nostram
874 3143 986 3199 contra
998 3140 1028 3200 N
1031 3141 1171 3200 oratorum

231 3240 408 3297 commenta
428 3234 652 3297 defendendam
674 3233 848 3310 pertinent,
865 3231 912 3292 ita
925 3236 1117 3309 perpendere
1130 3239 1171 3286 nou

233 3331 400 3406 possimus,
425 3331 461 3388 nt
482 3329 520 3389 ed
543 3327 670 3405 singula
690 3328 949 3403 respondeamus,
973 3343 1068 3386 unum
1090 3329 1171 3384 tamer

232 3423 456 3481 admouendum
478 3425 511 3480 te
533 3439 598 3480 esse
621 3421 761 3480 ducimus
782 3419 816 3478 in
838 3437 875 3480 ea
888 3419 1107 3480 Instructionis
1120 3419 1172 3474 tun
1194 3485 1195 3488 Ἴ

234 3517 336 3592 parte,
357 3533 435 3592 quae
457 3515 586 3592 regulas
607 3513 797 3590 praescribit
816 3531 836 3574 a
856 3513 1072 3575 sacerdotibus
1090 3509 1172 3570 ouer
