2522 4200
33 349 84 410 sit
109 345 307 407 consolatus?
331 345 400 421 Ipsa
421 342 479 404 iila
499 342 671 422 singularia
691 345 725 404 et
746 342 853 405 divina
873 347 1015 406 constan·

33 445 102 518 tia,
119 453 203 520 quae
217 444 287 502 toto
308 439 434 500 itineris
449 442 601 518 tempore,
617 458 654 501 ac
674 440 820 517 quamdiu
842 443 951 517 postea
964 438 1015 500 vi-

33 538 106 610 xit,
124 532 333 596 admirationi
354 531 497 592 omnibns
518 533 598 606 iuit3
625 551 725 594 annon
753 550 859 610 parem
881 533 1016 595 admira-

34 631 166 691 tionem
190 627 313 700 habuit,
329 645 422 705 quum
440 626 588 687 incolumi
616 629 727 701 Roma,
743 627 847 688 hostes
868 627 961 688 minis
981 632 1015 690 et

34 721 249 801 proximari
282 739 374 798 quam
396 719 493 780 armis
520 723 624 782 essent
649 720 803 794 allaturi,
830 721 1014 783 Pontificem

35 817 217 896 impellere
229 814 388 887 volebant,
404 817 440 875 ut
450 814 572 876 deleret
583 815 812 892 abrogaretque
824 816 927 877 omnia
937 833 1015 894 qnae

37 912 81 970 de
103 907 253 971 Ecclesia
275 905 439 967 Gallicana
459 907 642 969 statuissetl
666 908 858 984 Itaqueiam
880 912 947 969 tum
969 909 1015 968 di-

37 1005 208 1074 cebamus,
223 1001 315 1060 Pium
336 1000 468 1060 Sextum
490 1001 547 1061 hec
569 1002 730 1078 praeclara
749 1003 928 1064 constantia
948 1019 1016 1063 sen-

38 1097 194 1158 tentiam
208 1095 245 1153 do
267 1094 405 1154 obeundo
425 1095 582 1173 martyrio
603 1096 663 1156 sibi
684 1095 873 1172 obsignasse.

108 1192 197 1250 Sunt
217 1190 323 1248 autem
343 1189 402 1248 hae
424 1188 627 1265 paucissimae
648 1190 685 1250 de
708 1189 851 1266 plurimis
872 1188 1016 1250 summis·

40 1301 106 1360 que
128 1281 321 1354 virtutibus,
336 1299 414 1358 quae
434 1283 669 1343 commemorari
684 1283 874 1356 debuissent,
889 1287 923 1343 et
942 1300 1016 1359 qua·

40 1393 119 1436 rum
141 1374 197 1434 vel
219 1390 420 1451 unaquaeque
438 1376 516 1437 satis
537 1393 602 1436 esse
623 1378 750 1452 poterat
764 1377 801 1435 ad
823 1393 965 1452 magnam
982 1378 1015 1436 et

40 1469 168 1530 iustam
189 1471 223 1527 et
237 1461 372 1528 debitam
394 1468 519 1530 laudem
535 1470 717 1530 ornandam:
734 1469 845 1545 quibus
860 1468 888 1528 si
908 1469 1016 1528 adiun-

41 1563 207 1622 xissemus
222 1577 285 1635 eas,
302 1579 377 1638 quas
392 1563 491 1639 magis
506 1562 658 1638 privatim
671 1562 780 1635 coluit,
798 1565 832 1623 et
842 1578 916 1638 quas
927 1578 1016 1638 prae·

43 1655 151 1716 terire
168 1671 359 1730 nequaquam
374 1654 527 1728 licuisset3
547 1673 711 1732 quemnam
733 1673 879 1732 umquam
893 1654 1014 1715 exitum

45 1747 157 1809 oratio
171 1745 454 1809 fuissethabitnrat
474 1748 549 1816 Quis
560 1747 618 1808 Pio
632 1748 663 1807 in
684 1749 863 1825 Principem
884 1749 1017 1825 Aposto-

45 1842 155 1902 lorum
169 1839 348 1912 studiosior,
363 1841 433 1917 quis
454 1842 625 1902 amantiort
641 1859 731 1918 quem
746 1841 892 1902 nimirum
913 1842 945 1900 in
962 1843 1016 1901 Sa·

45 1952 104 1994 cro
126 1932 185 1993 illo
206 1934 356 1994 Vaticano
379 1935 509 2010 Templo
529 1933 711 1995 videbamus
732 1935 844 2007 solum,
857 1935 889 1993 in
915 1951 1016 2010 genua

45 2026 270 2106 provolutum,
285 2030 463 2102 precantem
477 2029 514 2088 ad
530 2027 646 2088 multas
660 2029 765 2102 horas,
780 2028 955 2100 immotum,
972 2027 1016 2086 ie·

46 2139 147 2198 reque
162 2122 257 2179 extra
271 2137 302 2178 se
322 2123 460 2197 raptum.
477 2120 552 2188 Quis
572 2120 605 2180 in
623 2121 837 2199 cognominem
860 2121 950 2180 Pium
973 2121 1012 2181 V.

46 2213 238 2275 Pontificem
253 2212 481 2275 sanctissimum
493 2213 664 2274 excitatior
675 2218 709 2276 et
722 2214 910 2292 promptiori
920 2213 1015 2275 Ouins

46 2306 216 2368 Pontificis
238 2305 427 2367 sanctissimi
450 2311 573 2369 tantum
602 2308 682 2384 apud
704 2312 845 2369 nostrum
868 2307 969 2369 valuit
983 2325 1017 2368 a·

47 2421 133 2479 mor,
150 2407 188 2464 ut
209 2419 320 2464 nomen
334 2404 436 2482 ipsum
457 2405 544 2465 illius
559 2423 681 2466 sumere
702 2406 856 2480 voluerit3
871 2406 1016 2483 neglecta

48 2497 157 2559 nescio
168 2515 230 2575 qua
243 2500 352 2558 vetere
363 2498 485 2560 invidia
499 2497 530 2558 in
543 2501 782 2577 cognomentum
794 2499 886 2561 Sexti
904 2499 1017 2560 confla-

47 2593 97 2664 ta,
114 2607 208 2669 quam
222 2590 298 2650 Pius
319 2591 435 2652 Sextus
455 2594 489 2652 et
501 2591 612 2653 vivens
633 2596 667 2652 et
683 2592 821 2654 moriens
843 2591 1015 2654 immortali

50 2685 157 2764 gloria
178 2686 402 2760 commutavit,
423 2703 459 2746 ac
480 2685 673 2746 nobilissimo
702 2685 858 2765 martyrio
879 2691 1018 2764 prostre-

50 2779 104 2840 vit
124 2782 159 2838 et
180 2779 352 2856 superavit.

112 2873 180 2933 Hae
195 2871 355 2945 nimirum,
364 2871 505 2948 aliaeque
518 2871 763 2934 innumerabiles
775 2872 913 2933 virtutes
928 2873 1013 2942 tuae,

49 2963 234 3025 beatissime
257 2965 373 3040 Senex,
389 2965 423 3024 et
437 2965 539 3024 multo
560 2964 683 3041 longius
705 2967 829 3041 tempus
843 2980 934 3040 quam
947 2980 1017 3021 con·

49 3057 190 3130 ceditur,
206 3061 239 3117 et
253 3058 350 3118 alium
372 3059 566 3118 laudatorem
582 3058 790 3134 peroptabant
801 3060 897 3133 atque
911 3072 1016 3131 posce-

50 3151 143 3212 bant.
158 3151 362 3218 Quamobrem
385 3167 440 3210 οπο
462 3151 661 3227 obsecroque,
684 3152 721 3209 ut
740 3148 890 3226 quidquid
912 3147 1013 3225 potui,

51 3243 145 3322 aequi
174 3244 307 3321 bonique
334 3243 495 3318 consulas,
518 3247 611 3320 atque
632 3244 712 3304 hanc
740 3242 818 3301 mihi
840 3240 1015 3319 primnme

52 3337 142 3398 caelo
163 3337 304 3399 tribuere
325 3339 450 3398 veniam
472 3337 573 3412 velis,
596 3339 675 3413 quod
697 3337 762 3396 tuis
788 3335 926 3396 dicendis
947 3335 1017 3395 len·
1124 3391 1127 3398 .

52 3431 145 3491 dibus
167 3434 200 3492 et
228 3431 352 3492 meritis
379 3448 485 3510 parem
507 3448 568 3490 nen
594 3429 744 3490 habuisti.
762 3432 866 3490 Erunt
885 3429 938 3507 qui
961 3433 1016 3490 tua

54 3521 299 3600 diligentissime
311 3526 417 3584 omnia
429 3526 676 3601 persequentum
692 3522 820 3600 ipsaque
835 3523 901 3584 dies
915 3520 1017 3582 multa
