2424 4196
237 362 263 407 r·
270 346 518 416 restitutionem,
534 347 571 406 do
586 346 672 405 clero
687 350 814 406 nostrae
829 344 982 405 dioecesis
996 345 1106 404 merito
1118 362 1179 402 oon·

237 442 407 512 uidimus,
420 442 518 516 ipsum
534 459 602 500 cum
627 441 784 500 charitate
799 446 832 500 et
845 439 1041 516 benignitate
1055 442 1178 497 acturum

237 551 255 593 r
268 535 306 593 ad
322 533 531 594 conciliandos
544 534 603 592 sibi
620 535 719 611 magis
733 535 893 610 magisque
908 532 1048 591 fidelium
1067 531 1177 590 animos:

238 628 309 688 ado
330 631 435 686 cetero
457 628 565 703 procul
588 622 683 688 dubio
705 628 827 687 feretur
848 626 912 698 lex,
935 643 1015 702 quae
1034 624 1097 684 erit
1115 641 1177 682 con·

236 719 373 782 »munis
399 721 536 780 omnium
558 722 680 798 regula,
706 722 817 798 cuique
842 738 874 778 se
896 719 1092 780 conformare
1109 722 1176 776 teue-

235 816 356 877 ›bitur
388 814 605 875 confessarius.
622 833 644 874 ›-
672 817 788 874 Verum
816 819 854 874 ut
875 813 1017 885 clarius,
1046 817 1174 889 quantun

237 909 306 968 fieri
327 912 444 986 potest,
467 910 646 987 certiusque
667 910 857 986 procedatur
879 909 917 968 ad
943 908 1046 967 iustas
1061 910 1175 966 statuen-

236 1005 292 1064 das
311 1003 439 1079 regulas
463 1004 507 1061 de·
524 1003 576 1075 iis,
593 1003 645 1078 qui
667 1001 894 1062 luctuosissimi
918 1000 1099 1060 schismatis
1119 1003 1176 1057 ten·

234 1113 309 1173 pore
331 1095 543 1156 ecclesiastica
566 1095 627 1155 sibi
651 1099 875 1172 compararunt
902 1095 996 1164 bona,
1013 1095 1174 1170 opusesset,

234 1193 272 1247 ut
292 1189 526 1248 accuratissime
552 1189 790 1265 distinguantur
810 1188 857 1259 ii,
879 1187 932 1264 qui
956 1186 1041 1246 mala
1064 1186 1121 1245 fide
1140 1182 1175 1261 (et

233 1281 345 1341 horum
368 1281 521 1340 maximus
545 1285 595 1341 est
619 1282 780 1358 numerus)
803 1282 884 1340 bona
907 1278 1069 1340 Ecclesiae
1090 1276 1172 1353 acqui-

234 1375 368 1446 sierunt,
384 1375 423 1434 ab
435 1375 509 1434 aliis
530 1375 583 1451 qui
608 1375 686 1435 bona
713 1375 772 1433 fide
794 1375 826 1432 in
848 1391 956 1432 eornm
971 1373 1172 1449 possessionen
1202 1395 1203 1408 κ

233 1465 369 1544 ingressi
395 1471 468 1525 sunt
494 1464 565 1544 (qui
593 1469 666 1526 sunt
694 1473 780 1525 eertn
805 1465 907 1524 multo
935 1464 1132 1541 pauciores):
1150 1479 1173 1518 ac
1201 1427 1203 1518 i

233 1564 301 1621 tum
325 1558 521 1634 aequissimis
548 1559 815 1636 communiterque
843 1559 982 1635 receptis
1005 1556 1160 1617 inhaerent
1202 1583 1203 1588 1

232 1652 401 1712 sententiis
422 1652 654 1729 Theologorum
678 1651 763 1711 circa
788 1669 981 1728 possessores
1009 1652 1105 1711 bonae
1130 1666 1174 1706 ma-

232 1745 343 1822 laeque
364 1744 437 1804 fidei
460 1743 554 1804 facile
573 1745 703 1822 poterit,
725 1744 799 1821 quid
824 1744 868 1804 sit
888 1744 1110 1820 imponendum
1123 1759 1174 1802 one

231 1837 288 1910 ria,
302 1842 336 1896 et
350 1854 410 1915 quo
425 1837 610 1898 discrimine·
628 1838 767 1914 utrisque
783 1843 848 1897 tam
864 1839 961 1896 bonae
978 1857 1074 1914 quam
1096 1835 1172 1896 malae

231 1930 307 1990 fidei
329 1929 559 2006 possessoribus
581 1929 665 1988 circa
684 1929 920 1988 restitutionem
946 1947 1017 1990 cum
1044 1930 1173 1988 bonorum

232 2029 299 2086 tum
320 2023 479 2082 fructuum
500 2039 540 2082 ex
560 2020 601 2081 iis
622 2027 852 2098 perceptorum:
869 2023 907 2080 de
921 2023 1036 2099 quibus
1050 2041 1118 2082 cum
1128 2020 1172 2081 Nos

229 2117 290 2194 ipsi
312 2119 383 2193 post
407 2114 540 2174 multam
560 2113 843 2188 considerationem
869 2114 1172 2187 consultationemquc

230 2213 442 2280 decernemus,
465 2209 589 2284 riteque
611 2227 665 2284 per
685 2211 836 2268 Nostram
856 2227 912 2268 suo
936 2211 1081 2286 tempore
1103 2207 1172 2266 emit

230 2305 357 2364 tendam
381 2302 623 2362 instructionem
650 2303 902 2375 declarabimus,
927 2305 993 2380 ipse
1018 2304 1135 2380 poteris
1151 2299 1171 2358 in

229 2401 286 2458 tua
305 2396 382 2456 itam
407 2394 618 2454 Instructione
642 2396 680 2454 ad
704 2401 775 2454 tuos
798 2395 996 2455 dioecesanos
1020 2394 1170 2474 vulganda,

228 2490 333 2551 omnia
353 2490 390 2548 ad
412 2489 540 2548 eundem
562 2489 723 2548 doctrinae
744 2506 885 2548 normam
907 2489 1067 2566 redigere,
1082 2487 1171 2550 aollo·

228 2584 348 2646 biscum
383 2579 614 2640 consentientes
644 2581 714 2642 elne
742 2581 809 2642 ulla
839 2582 1038 2642 dubitatione
1066 2580 1170 2659 regua

229 2675 454 2756 praescribere.

289 2770 372 2830 Haec
394 2773 479 2838 sunt,
492 2767 606 2827 dilecte
617 2766 681 2829 Fili
701 2769 828 2841 Noster,
845 2787 923 2845 quae
944 2770 982 2830 ad
1006 2773 1040 2830 te
1062 2765 1168 2829 interin

228 2863 430 2926 rescribenda
453 2861 617 2934 duximus,
641 2879 760 2938 unaque
789 2866 890 2922 tecum
915 2864 1014 2922 Deum
1034 2863 1168 2940 optimum

227 2958 398 3019 maximum
421 2972 546 3014 oramus
567 2971 603 3012 ao
627 2954 835 3028 obtestamur,
859 2960 894 3014 ut
915 2961 988 3032 post
1011 2968 1168 3016 communes

227 3053 353 3128 tamque
374 3051 640 3125 diuturnas,quas
661 3066 701 3107 ex
721 3050 917 3110 Gallicarum
938 3067 1044 3110 rerum
1060 3052 1167 3127 portur·

226 3144 405 3205 bationibus
419 3143 606 3220 percipimus
620 3141 723 3202 animo
738 3161 842 3215 curas,
858 3143 1034 3220 angustias,
1050 3143 1166 3204 dolores

145 3254 152 3270 ¹
226 3240 352 3300 taudem
375 3237 465 3296 Illius
486 3235 683 3312 benignitate
707 3237 884 3313 respirare,
907 3237 1065 3297 consolari
1090 3251 1123 3296 ac
1140 3227 1166 3288 ob

225 3331 371 3389 reductos
392 3329 424 3388 in
448 3328 617 3405 pristinum
638 3346 742 3390 accras
757 3347 806 3388 res
826 3329 1075 3400 omneslaotari‚
1087 3326 1165 3400 Eique

226 3420 1164 3500 summasimmortalesquegratiasageredebeamus.Tibique

226 3532 336 3594 queoa
350 3514 461 3574 intimo
482 3518 612 3591 paterno
631 3517 724 3575 corde
745 3517 978 3594 depromptam,
990 3517 1102 3576 dilecte
1114 3506 1163 3572 Fili
