2488 4204
220 318 355 380 uidemus
369 309 662 398 sedisapostolicae
680 320 972 400 propugnationem,
987 317 1057 396 pari
1081 318 1190 376 virtu-

220 416 253 473 te
273 416 307 473 et
327 413 507 476 constantia
527 418 652 488 tueare,
675 415 711 474 ut
732 413 759 473 si
780 412 850 473 fieri
870 416 995 491 potest,
1018 412 1119 472 etiam
1141 407 1190 470 illi
1229 473 1230 504 ,

220 507 273 586 qui
294 512 329 569 et
340 511 439 570 Deum
453 511 486 570 et
504 509 662 572 Ecclesiae
676 508 844 583 unitatem,
867 525 1124 585 communemque
1140 525 1193 585 pa-

220 619 286 660 cem
307 601 483 663 discindere
503 605 676 680 quaerunt,
700 601 738 662 ad
760 603 932 664 salmam
957 598 1191 680 poenitentiam

219 695 377 769 conversi,
392 695 518 758 reniam
538 696 666 758 admissi
687 698 805 758 erroris
825 700 1079 775 promereantur.

281 789 461 868 Reliquum,
476 791 675 853 Venerabilis
694 793 823 866 Frater,
844 795 908 854 Deo
929 787 1195 851 committendum

219 887 280 959 est,
295 883 349 961 qui
369 887 532 961 sperantes
551 885 583 945 in
605 904 636 946 se
658 885 806 945 conlundi
828 904 887 945 non
908 885 1044 963 patitur,
1066 886 1104 942 et
1127 901 1195 943 ser·

220 995 276 1038 ros
297 977 421 1055 quidem
449 997 521 1040 suos
543 983 703 1057 tamquam
730 997 841 1041 aurum
869 979 982 1057 probat
1002 978 1035 1036 in
1064 977 1193 1037 camino

221 1071 462 1147 tribulationis,
485 1093 539 1134 nec
561 1078 665 1135 tamen
687 1075 823 1148 deserit,
847 1075 900 1134 sed
928 1073 1056 1135 brachio
1076 1077 1191 1134 sancto

220 1184 276 1227 uuo
297 1166 438 1229 defendit
449 1167 532 1240 illos,
548 1172 583 1229 et
603 1169 752 1229 suavibus
767 1167 834 1229 illis
847 1168 976 1228 vocibus
990 1167 1188 1228 consolatur:

219 1262 250 1320 si
260 1277 309 1321 me
315 1265 478 1337 persecuti
487 1270 575 1334 sunt,
586 1273 617 1323 et
626 1279 681 1322 cus
687 1263 1119 1339 persequentur3propterea
1130 1278 1192 1320 non

220 1358 269 1416 est
283 1355 502 1415 concidendum
517 1356 641 1430 animis,
657 1357 707 1416 sed
727 1355 856 1416 fortiter
878 1355 1110 1414 sustinendum:
1129 1372 1191 1413 nou

220 1447 303 1508 enim
319 1447 459 1508 vincitur
478 1450 620 1511 Ecclesia
639 1448 927 1528 persecutionibus,
942 1449 995 1509 sed
1017 1450 1172 1528 augetur.
1233 1477 1234 1510 ;

281 1543 419 1603 Maxima
433 1561 509 1603 vero
523 1543 650 1604 laetitia
664 1542 782 1621 pertusi
794 1540 922 1615 fuimus,
934 1542 1193 1603 animadverten-

220 1637 269 1696 tes
289 1635 470 1714 obsequium
491 1655 567 1715 erga
580 1640 645 1698 Nos
664 1641 765 1706 tuum,
781 1657 841 1715 quo
862 1637 968 1698 varias
983 1636 1073 1696 uobis
1095 1655 1194 1714 quae-

220 1729 338 1790 stiones
357 1731 518 1808 proponis,
534 1734 571 1791 ut
592 1749 660 1792 eam
681 1732 794 1808 agendi
808 1731 963 1792 rationem
985 1729 1086 1802 ineas,
1110 1748 1194 1806 quae

220 1827 255 1883 et
276 1823 377 1884 tutior
391 1829 425 1885 et
444 1824 545 1904 magis
565 1827 796 1886 accommodata
817 1825 859 1885 sit
879 1823 1076 1902 gravissimis
1097 1825 1195 1884 malis

219 1916 380 1977 medendis
401 1923 526 1978 extum
549 1919 691 1980 luctuoso
712 1921 880 1980 schismate
901 1919 1035 1979 obortis.

280 2011 422 2089 Singulis
443 2017 548 2073 autem
574 2012 808 2090 quaestionibus
830 2012 916 2072 nobis
936 2012 1129 2092 propositis,
1156 2031 1192 2074 ac
1235 1997 1236 2038 ³

220 2095 342 2165 summa
361 2106 590 2166 maturitates
616 2105 703 2165 nobis
724 2106 904 2183 perpensis,
930 2104 1063 2165 consilio
1085 2105 1190 2166 etiam

218 2197 328 2261 habito
342 2197 476 2259 selectae
498 2199 652 2258 Venerab.
668 2200 820 2260 Fratrum
833 2201 1024 2260 Nostrorum
1039 2200 1072 2259 S.
1091 2202 1133 2261 R.
1152 2203 1190 2260 Ε.

218 2292 433 2353 Oardinalium
455 2288 710 2369 congregationis
737 2293 965 2367 satisfecimus,
987 2295 1190 2370 quemadmo-

220 2387 294 2446 dum
314 2402 354 2445 ex
374 2387 530 2462 responsis
550 2405 629 2463 quae
653 2386 780 2447 Nostris
800 2386 884 2448 hisce
904 2386 1027 2447 litteris
1048 2387 1194 2446 aduecti·

219 2495 289 2540 mus
311 2480 533 2557 deprehendes.

281 2573 413 2633 Interim
434 2589 511 2632 vero
534 2573 612 2646 tibi,
638 2573 836 2633 Venerabilis
856 2575 993 2646 Frater,
1020 2571 1191 2634 felicitatis

219 2665 378 2743 auspicem
399 2666 604 2744 apostolicam
633 2665 880 2728 benedictionem
905 2670 1109 2743 peramanter
1129 2668 1192 2727 im-

218 2757 387 2835 partimur.

278 2853 394 2912 Datum
415 2854 551 2925 Romae,
576 2853 656 2928 apud
678 2853 825 2912 Sanctam
846 2852 980 2932 Mariam
1006 2852 1187 2926 Maiorem,

218 2945 268 3007 die
290 2947 328 3006 V.
352 2945 498 3006 Octobris
520 2945 740 3018 MDGGXOIII,
763 2945 971 3006 Pontificatus
993 2945 1107 3006 Nostri
1132 2963 1190 3005 au-

219 3059 259 3101 no
280 3041 368 3101 XIX.

811 3132 902 3194 PIUS
923 3131 976 3209 qui
998 3149 1104 3209 supra.

277 3318 436 3381 Nonnulla
460 3319 677 3397 proponuntur
697 3315 792 3377 dubia
812 3316 844 3376 in
861 3321 926 3380 tres
946 3319 1089 3381 diversas
1104 3321 1185 3381 clas·

218 3429 267 3474 ses
288 3413 449 3485 distincta,
465 3430 597 3493 quarum
618 3410 731 3489 prima:
747 3427 808 3488 qua
829 3411 951 3473 scilieet
964 3413 1088 3474 ratione
1111 3432 1185 3492 pro-

219 3509 331 3569 cedere
359 3509 470 3570 debeat
497 3508 677 3585 episcopus,
703 3507 737 3563 et
756 3503 868 3580 quibus
893 3507 1000 3584 poenis
1029 3507 1183 3570 subiicere
