2488 4204
60 349 229 424 provinciae
243 354 387 426 patrono,
404 365 489 424 spem
504 348 677 426 posuerint,
694 367 824 425 eumque
840 350 1019 424 deprecato·

59 462 113 502 rem
135 444 218 520 apud
238 445 346 514 Deum,
365 445 400 502 ut
414 459 504 518 saepe
525 451 619 522 autea
641 440 765 520 experti
786 439 938 501 efficacem
954 440 1019 499 fue·
1045 511 1048 516 1

57 539 131 609 rant,
149 542 218 596 tum
238 535 375 595 maxime
396 535 543 596 adhibere
565 534 741 607 voluerint,
763 551 912 610 opemque
935 533 1018 592 omni

16 683 17 688 ,
55 648 100 706 spe
120 628 273 688 maiorem
295 628 358 687 iam
381 628 602 704 reportarint,
633 645 714 686 nunc
745 628 784 687 ad
805 626 872 685 eius
897 625 1018 686 cultum

52 720 300 797 amplificandum
323 719 481 797 singulari
506 721 680 781 animorum
711 719 836 779 fervore
858 717 1016 794 permoti,

52 815 235 891 peroptatis,
251 831 287 873 ae
303 832 321 873 a
335 815 432 874 Nobis
453 814 575 890 petitis,
592 818 658 886 tua,
675 812 874 872 Venerabilis
888 813 1017 880 Frater,

51 908 235 984 interposita
256 925 353 978 voce,
376 909 413 966 ut
433 906 570 968 eiusdem
592 909 701 968 Sancti
721 906 853 966 officium
881 904 1018 965 auctiori

52 1001 233 1060 celebritate
247 1001 416 1077 quotannis
437 999 677 1078 persolvendum
694 1000 897 1077 imposterum
914 999 1018 1058 decer-

52 1111 166 1153 namus.
185 1095 266 1153 Tam
287 1091 381 1152 iustis
403 1091 547 1153 inclinati
569 1093 673 1165 votis,
690 1111 725 1152 ac
746 1092 822 1168 ipsis
842 1089 1018 1166 religiosis-

51 1185 116 1244 simi
137 1186 238 1264 Regis
253 1185 354 1246 vestri
370 1187 615 1246 obsecundantes
629 1186 755 1258 studiis,
771 1187 931 1245 decretum
947 1182 1018 1242 fieri

52 1278 218 1352 iussimus,
241 1297 301 1355 quo
321 1277 404 1338 ritus
425 1279 516 1338 offleii
537 1279 569 1339 S.
593 1279 748 1358 Martyris
768 1277 901 1355 Ephysii
923 1295 941 1337 a
962 1276 1019 1336 du·

53 1371 120 1447 plici
143 1372 265 1432 maiore
282 1371 466 1432 elevaretur
486 1374 523 1433 ad
540 1371 655 1449 duplex
678 1373 795 1449 primae
810 1369 931 1441 classis,
946 1385 1016 1428 cum

51 1469 156 1524 octava
178 1483 239 1542 pro
261 1465 394 1524 dioecesi
415 1465 616 1539 calaritana,
637 1469 672 1525 et
693 1469 762 1525 tota
781 1462 946 1524 Sardiniae
967 1461 1017 1520 in-

51 1559 124 1632 sula,
140 1577 200 1618 nec
224 1577 284 1617 non
308 1561 534 1619 extenderetur
557 1558 639 1620 idem
669 1557 800 1616 officium
822 1574 891 1616 cum
924 1554 1018 1614 missa

51 1654 83 1712 ed
104 1670 227 1712 omnem
249 1652 344 1712 aliam
366 1652 516 1711 ditionem
538 1652 624 1728 regis
638 1650 803 1711 Sardiniae
824 1649 890 1710 ritu
913 1647 1014 1724 dupli-

51 1745 234 1816 ciminum,
263 1745 420 1804 nonnullis
449 1749 552 1806 minen
582 1745 614 1804 in
638 1746 681 1804 Vl
701 1743 836 1804 lectione
859 1742 962 1801 verbis
985 1741 1016 1801 iu

53 1839 106 1899 alia
120 1839 351 1917 opportuniora
367 1839 578 1899 commutatis.
595 1841 671 1900 Oum
686 1839 722 1898 ad
746 1842 779 1897 te
800 1835 1016 1896 authenticum

57 1930 120 1991 illud
136 1935 303 1992 decretum
319 1933 513 2008 pervenerit,
528 1932 628 2009 ipsum
644 1950 703 1990 non
727 1931 824 1991 solum
840 1949 910 1989 oum
931 1930 1016 1990 clero

59 2027 222 2104 populoque
245 2029 299 2084 tuo
327 2025 586 2098 communicabis,
610 2026 661 2084 sed
692 2024 831 2085 eiusdem
860 2023 1015 2082 etiamad

54 2124 161 2179 ceteros
185 2117 326 2194 collegas
349 2120 418 2176 tuos
438 2115 607 2194 Episcopos
628 2118 773 2194 exempla
794 2116 1014 2188 transmittes,

56 2214 165 2287 pariter
189 2229 262 2270 cum
289 2212 418 2287 proprio
440 2213 545 2284 clero,
560 2212 733 2288 populoque
749 2212 1014 2282 communicanda,

54 2323 164 2384 unaque
189 2321 296 2363 omnes
317 2303 487 2380 participes
509 2307 619 2364 reddes
634 2309 671 2364 de
692 2305 810 2365 Nostro
832 2306 941 2363 harum
964 2304 1018 2364 lit·

53 2401 187 2460 terarum
211 2415 314 2470 sensu,
331 2415 391 2474 quo
408 2397 592 2471 universim,
607 2417 677 2458 cum
698 2399 841 2459 omnibus
863 2398 953 2478 regni
968 2399 1017 2458 in-

52 2492 143 2564 colis,
169 2490 353 2551 enixissime
376 2492 576 2568 gratulamur
607 2494 644 2552 de
676 2492 805 2570 egregia
837 2495 1017 2569 comparata

53 2584 143 2645 Sardo
167 2582 290 2644 nomini
315 2601 472 2662 regnoque
494 2602 661 2661 numquam
682 2585 925 2645 intermoritura
947 2586 1017 2662 glo·

52 2680 107 2752 rie,
122 2686 154 2741 et
176 2681 216 2740 ob
239 2685 466 2758 propugnatam
488 2685 579 2741 tanta
604 2699 674 2740 cum
695 2681 787 2741 lande
808 2684 842 2740 et
862 2680 1016 2742 felicitate

53 2773 103 2832 Dei
116 2773 329 2851 Religionem,
346 2776 379 2832 et
393 2773 432 2834 ob
445 2777 603 2834 retentam
617 2774 711 2852 Regi,
726 2774 861 2850 patriae,
878 2774 1017 2852 legibus-

54 2885 106 2942 que
126 2869 266 2928 debitam
288 2867 391 2941 fldem,
409 2873 441 2928 et
462 2869 500 2927 ob
522 2873 686 2944 utramque
708 2867 892 2928 clarissimis
913 2869 1017 2928 virtu·

54 2959 92 3018 tis
111 2961 257 3034 indiciis,
279 2979 314 3022 ac
343 2961 523 3022 incredibili
544 2963 720 3022 animorum
741 2960 943 3021 contentione
963 2977 1017 3036 pa·

52 3053 109 3126 lam
130 3055 277 3115 omnibus
297 3055 432 3128 factam,
454 3073 489 3114 ao
517 3057 706 3132 propositam
729 3057 765 3114 ad
788 3053 924 3112 omnium
947 3053 1017 3111 imi-

53 3147 212 3208 tationem.
229 3149 318 3209 Nihil
340 3149 391 3208 hic
408 3165 531 3208 necesse
552 3151 691 3222 videtur,
708 3153 743 3208 ut
765 3148 847 3207 ullos
862 3149 927 3207 tam
949 3144 1018 3204 exi-

52 3241 119 3302 miis
139 3244 327 3321 populorum
355 3243 467 3302 animis
494 3244 684 3304 hortationis
705 3245 841 3304 Nostrae
870 3239 1017 3300 stimulos

53 3333 273 3414 adiungamus,
294 3354 354 3413 quo
377 3337 579 3412 imposterum
610 3355 670 3396 non
699 3336 801 3396 solum
829 3349 1016 3394 conservare

53 3442 83 3485 ac
105 3430 201 3504 tueri,
218 3430 269 3489 sed
292 3433 325 3489 et
346 3428 537 3505 amplificare
553 3447 625 3490 suas
646 3430 753 3489 laudes
768 3427 882 3487 velint.
898 3428 943 3514 At
964 3444 1015 3498 ea,

53 3519 246 3584 Venerabilis
267 3523 397 3596 Frater,
414 3539 494 3580 nuno
515 3525 658 3600 tempora
673 3524 758 3595 sunt,
776 3523 812 3582 ut
833 3539 893 3582 non
916 3520 1017 3580 solum
