2430 4202
241 331 274 390 in
293 332 395 390 lucam
417 327 576 404 proferet,
597 345 676 405 qnae
697 345 759 388 non
788 328 987 389 inimicorum
1013 328 1179 403 calumniae,

243 444 302 486 non
317 423 508 502 perfidorum
530 423 647 495 cdinm,
670 441 732 484 non
754 423 890 484 hostium
906 424 1043 486 insolens
1056 425 1179 496 audacis,

242 537 303 580 non
325 519 409 578 ullus
429 534 537 578 amens
557 517 649 576 furor
669 517 785 578 tollere
816 520 875 576 ant
894 517 1067 578 obliterare
1087 517 1124 578 ab
1140 518 1181 576 ho

241 614 360 673 minum
381 610 494 672 animis
514 613 549 670 et
568 611 786 673 recordatione
807 611 939 688 poterit.
957 614 1003 671 Te
1017 611 1128 690 religio
1144 630 1183 671 rc·

241 709 425 770 stitutorem
446 725 537 767 sunm
557 706 743 782 appellabit,
764 723 857 783 quam
879 709 993 783 raptus
1006 723 1063 783 per
1076 707 1181 767 Italian

241 819 432 881 quacumque
454 800 677 862 transeundum
700 798 783 872 fuit,
813 798 881 876 ipsa
902 801 960 860 tna
984 800 1182 861 maiestatem

242 895 397 975 patientia
409 893 608 954 cruciatuum
623 891 820 953 excitavisti.
838 894 883 952 Te
894 893 1019 954 Galliae
1042 913 1122 972 pars,
1135 912 1182 970 qna

240 988 469 1068 peragrandum
491 1003 528 1046 ac
548 984 742 1046 moriendum
763 985 837 1057 fnit,
859 987 1091 1047 consolatorem
1110 1005 1180 1046 suun
1202 1025 1203 1072 ,

241 1083 343 1153 dicet3
366 1079 432 1157 qui,
448 1079 592 1140 traiectis
604 1077 749 1154 Alpibus,
763 1096 822 1139 non
838 1078 1057 1154 latrocinium,
1074 1098 1128 1140 non
1140 1098 1182 1139 ra·
1202 1083 1203 1138 l

240 1176 358 1254 pinam,
375 1193 436 1234 non
457 1174 596 1246 caedam,
618 1191 680 1232 non
702 1173 887 1234 vastitatem
908 1173 1067 1247 attulisti3
1082 1176 1181 1234 sedve-

242 1273 340 1330 terem
362 1265 546 1345 religionem
568 1265 732 1339 institiae,
755 1266 973 1340 innocentiae,
995 1268 1095 1344 pacis,
1115 1272 1182 1328 trun·

241 1361 413 1439 quillitatis
433 1361 537 1421 sedam
558 1377 595 1418 ac
615 1357 819 1430 domicilium,
842 1357 1034 1420 exterritam
1055 1364 1089 1421 et
1106 1376 1181 1438 paene

240 1455 303 1514 iam
314 1453 486 1532 fugientem
500 1451 670 1512 revocasti.
687 1453 732 1510 Te
746 1449 980 1528 progrediente
992 1453 1117 1530 reliqna
1126 1452 1181 1512 Gal·

241 1546 285 1606 lia
305 1547 418 1606 timore
439 1562 475 1605 ac
495 1545 617 1626 pallore
638 1562 693 1604 sno
714 1542 881 1617 fatebitur,
904 1544 1138 1607 incredulitatis
1148 1543 1181 1602 si-

240 1639 413 1700 mulacrum
434 1638 671 1698 contremuisse.
688 1638 732 1697 Te
754 1655 876 1714 semper
896 1640 1038 1715 Europa,
1061 1642 1093 1698 tc
1112 1637 1179 1706 Asia,

239 1732 414 1793 coniunctis
435 1732 467 1790 in
491 1731 625 1792 salutem
648 1734 733 1791 tuam
752 1730 860 1802 umis,
877 1729 989 1790 Virum
1006 1732 1095 1792 omni
1107 1731 1180 1790 fnisc

239 1824 449 1885 admiratione
460 1823 610 1884 maiorem
633 1825 793 1883 tentatura
812 1827 880 1897 est3
905 1841 960 1882 nec
976 1822 1131 1884 feliciores
1142 1823 1182 1882 ha·

238 1917 344 1978 bnissa
365 1917 569 1994 proeliorum,
592 1920 649 1977 aut
670 1915 886 1978 diuturniores
907 1916 1028 1991 exitus,
1051 1935 1136 1995 quam
1153 1916 1181 1976 ab

239 2028 275 2071 eo
297 2011 347 2071 dic
369 2028 428 2086 quo
448 2010 542 2070 simul
563 2012 597 2070 et
617 2009 739 2070 cinctus
760 2009 864 2070 milito
879 2010 917 2069 ad
928 2010 1125 2072 Florentiam
1137 2009 1182 2068 ini·

239 2103 293 2176 sti,
321 2111 354 2164 et
375 2106 412 2165 ad
427 2105 582 2165 Veronam
605 2108 778 2181 pugnatum
799 2107 859 2164 est.
874 2105 920 2163 'l'e
935 2103 1022 2164 orbis
1042 2107 1180 2165 tamarum

239 2197 416 2272 universus,
428 2214 487 2273 qno
507 2215 616 2258 nomen
640 2200 729 2257 tunm
752 2196 897 2257 novitate
915 2197 1065 2258 miraculi
1087 2200 1118 2258 et
1130 2213 1181 2255 scc-

236 2289 314 2349 lcris
335 2307 394 2349 non
419 2307 581 2366 permeare
604 2307 664 2350 non
686 2291 811 2367 potuit,
836 2307 959 2368 semper
981 2291 1181 2351 celebraturos
1204 2343 1205 2346 ,

238 2384 298 2441 est.
315 2382 360 2440 Te
380 2382 537 2460 Episcopi,
553 2385 598 2443 'l'c
619 2384 816 2458 Sacerdotes,
835 2384 881 2444 Te
898 2383 1051 2460 Virgines
1073 2385 1180 2454 Sacrae,

237 2476 282 2535 Te
303 2491 408 2534 omues
436 2475 600 2550 boni,·Te
627 2479 696 2537 tota
724 2492 846 2553 semper
864 2475 1007 2537 Ecclesia
1027 2478 1179 2538 Parenten

236 2567 387 2645 optimum
409 2570 443 2628 et
462 2570 639 2648 Martyrem
660 2569 831 2630 maximnm
852 2569 1070 2646 appellabunt,
1088 2569 1181 2631 aclio-

236 2678 306 2721 men
334 2661 444 2723 volent
469 2661 708 2723 immortalitati
740 2665 887 2724 donatum
906 2680 943 2722 ec
964 2667 1177 2724 consecratum.

237 2756 305 2832 Ipsa
332 2755 419 2814 certe
444 2755 585 2816 Ecclesia
611 2753 666 2813 vix
687 2753 786 2815 aliter
807 2755 928 2831 poterit
955 2773 1033 2832 ques
1061 2769 1180 2816 summas

236 2849 347 2923 debet,
367 2865 461 2926 agere
482 2851 544 2908 Deo
566 2847 706 2924 gratias,
721 2848 802 2925 qnod
825 2850 870 2908 Te
892 2849 1012 2910 tamdiu
1034 2849 1179 2910 viventem

236 2959 272 3003 ac
286 2941 408 3002 salvum
429 2940 489 3002 sibi
509 2940 690 3018 reliquerit,
703 2941 851 3018 quamdin
873 2959 933 3001 non
955 2937 1179 3004 exstinctasitis

237 3034 376 3096 hostium
398 3034 461 3096 fuit
482 3037 715 3096 sacrosanctum
729 3034 831 3112 Ipsins
852 3037 961 3110 pectus
981 3034 1071 3095 foedo
1093 3037 1180 3094 teter·

235 3127 376 3204 rimoqne
404 3127 582 3188 schismatis
611 3128 744 3188 volnera
769 3127 939 3188 lacerandi.
963 3129 1047 3206 Ergo
1067 3127 1179 3192 habea,

235 3219 421 3282 Beatissimo
441 3222 552 3296 Pater,
575 3221 651 3282 haec
672 3225 749 3282 vota
771 3222 804 3281 et
825 3220 928 3281 laetus
948 3219 1098 3298 aspicias,
1118 3233 1180 3295 quo·

235 3326 306 3370 rum
333 3313 549 3392 magnitudine
577 3314 767 3376 tenuitatem
788 3315 822 3374 et
842 3312 961 3390 ingenii
989 3315 1023 3376 et
1042 3307 1179 3374 orationis

236 3420 374 3472 excuses:
399 3409 553 3485 ductoque
574 3425 594 3467 a
615 3425 665 3468 me
686 3407 792 3480 initio,
815 3405 986 3468 Ecclesiam
1008 3424 1098 3484 qnam
1117 3420 1178 3464 san·

235 3495 331 3573 guina
352 3501 406 3558 tuo
431 3503 555 3562 tutatus
576 3499 608 3559 in
632 3499 728 3563 terris
753 3517 798 3575 es,
815 3517 896 3559 nunc
910 3516 968 3577 ope
987 3497 1092 3561 tuade
1105 3494 1177 3557 caclo

235 3590 338 3666 tuere,
352 3589 467 3666 libera,
479 3592 579 3654 salva.
