2430 4202
36 351 109 412 cinae
128 352 377 415 collacrimantes
407 352 485 427 fidi,
507 371 638 432 quornm
666 353 806 416 humeris
833 354 973 416 labantia

35 445 152 524 imponit
178 448 324 522 brachia,
347 451 381 508 et
399 449 482 510 mele
502 448 574 508 iidie
596 448 735 509 brachiis
758 448 974 509 commendare

35 541 204 602 exhaustum
218 544 252 604 et
263 544 411 603 caducum
428 559 540 620 eorpus
555 541 684 602 nititur.
701 543 745 604 Ut
758 559 866 619 aegre,
878 558 974 618 qnan-

34 635 88 692 tum
108 637 220 712 potuit,
235 636 389 710 incubuit,
403 635 637 712 Experiamur,
652 635 711 709 ait,
727 653 772 695 cu
788 642 975 711 promptum

34 727 164 786 animum
173 732 319 806 prompti
338 729 974 807 aeqoaucarpedeemapaomcuimiter

33 822 243 894 capessendum
263 831 320 883 cet.
334 825 381 884 Ac
395 825 433 882 ιιι
452 821 547 895 vidit,
563 840 669 900 aegre,
685 822 736 883 sed
760 827 864 884 tamen
880 821 974 899 pedes

33 913 115 986 sequi,
131 915 221 991 gravi
243 933 411 993 somnoque
432 915 526 976 vultu
547 915 810 994 circumspiciens,
825 914 972 984 Manere,

33 1002 139 1080 inquit,
167 1011 239 1070 eino
265 1012 508 1070 carissimorum
534 1011 681 1086 periculo
707 1026 774 1070 ooo
790 1007 974 1086 possumus?

32 1099 72 1154 oie
89 1101 152 1158 esti
165 1118 285 1162 camus.
300 1103 326 1162 0
341 1102 545 1179 singularem,
561 1106 595 1162 et
609 1101 734 1176 miram,
750 1105 784 1162 et
798 1101 882 1160 omni
896 1117 974 1160 scm·

32 1203 77 1262 per
87 1190 175 1253 laude
186 1193 334 1253 maiorem
349 1193 490 1254 futuram
498 1195 570 1254 Viri
580 1195 801 1267 constantiam,
813 1194 873 1254 etsi
886 1192 975 1254 nulla

32 1299 159 1361 nmquam
180 1290 305 1351 saecula
325 1289 550 1350 conticescent!

79 1379 151 1440 Abit
164 1383 280 1442 Parma
299 1385 496 1444 venerandus
510 1385 613 1443 Senex
627 1384 666 1444 ab
681 1383 757 1461 ipsis
772 1381 886 1442 mortis
907 1381 974 1442 sau·

31 1468 103 1531 cibus
121 1480 260 1553 ereptus,
276 1476 303 1537 si
323 1477 405 1537 forte
426 1477 543 1538 alicubi
564 1494 651 1537 mors
665 1475 770 1538 fauces
791 1493 862 1535 snas
883 1492 975 1552 para·

32 1561 113 1624 tiores
132 1568 257 1658 habeat.
272 1573 317 1632 Ea
338 1588 414 1631 veno
435 1571 530 1649 longo
549 1569 659 1631 itineri
680 1586 847 1646 numquam
867 1569 973 1630 adesse

31 1658 135 1722 voluit:
157 1668 192 1725 et
213 1665 274 1725 iam
295 1667 468 1743 Augustam
498 1665 707 1725 Taurinorum
728 1661 972 1739 perveniendum

31 1748 89 1812 init.
103 1755 159 1816 Hic
177 1759 252 1836 quid
267 1762 433 1837 praeterea
445 1759 597 1819 moliatur
610 1757 775 1818 incruenta
788 1756 972 1830 crudelitas,

31 1859 79 1918 quo
98 1854 230 1912 mortem
252 1853 312 1911 lunc
334 1869 429 1929 usqne
456 1850 629 1928 fugientem
657 1868 692 1910 ac
711 1867 807 1926 paene
828 1866 973 1910 recusan-

30 1939 82 1997 tem
101 1933 216 2022 ¹cogat;
239 1945 299 2004 nisi
333 1949 369 2005 ut
395 1947 506 2005 Senem
527 1943 657 2020 rupibus
684 1946 718 2003 et
755 1942 898 2004 cautibus
917 1942 973 2004 Al·

29 2029 100 2103 pium
120 2038 273 2100 obiiciatl
291 2040 372 2101 Nam
393 2043 427 2098 et
447 2037 522 2098 Itali
550 2036 629 2097 caeli
650 2037 713 2096 iam
739 2039 887 2114 appetens
908 2036 972 2097 cle·

29 2128 131 2190 mentia
151 2149 238 2210 spem
259 2132 394 2210 augebat
424 2131 506 2205 fore,
534 2136 570 2191 ut
590 2131 663 2190 inde
676 2131 715 2190 ad
731 2129 832 2201 nives,
848 2130 885 2188 ad
902 2129 969 2206 gla-

29 2215 90 2292 ιίθι,
105 2226 140 2284 ad
162 2225 355 2304 rigidissima
379 2225 507 2303 Alpium
528 2225 650 2302 frigora
681 2223 825 2282 invectus
846 2226 880 2284 et
901 2239 973 2300 pro·

29 2309 121 2374 trusus
141 2320 268 2380 tandem
284 2319 493 2379 occumberet.
508 2320 592 2395 Ergo
613 2317 711 2394 Alpes
726 2313 871 2376 traiiciat
884 2315 969 2375 senio

29 2406 172 2473 confectus
193 2414 228 2471 ct
242 2410 415 2471 semivivus
434 2409 594 2482 Pontifex,
610 2411 718 2487 Alpes,
736 2425 815 2486 qnae
836 2409 973 2484 Impera·

28 2494 114 2561 brem
136 2508 208 2582 post
221 2505 380 2564 hominnm
400 2503 582 2563 memoriam
603 2501 842 2563 audacissimum
858 2505 892 2560 et
904 2517 974 2560 cru-

29 2585 206 2658 delissimum
234 2596 524 2675 Carthaginiensem
545 2596 731 2656 Annibalem
747 2595 802 2655 vix
824 2612 884 2654 non
907 2597 972 2654 tar-

28 2693 157 2763 ruerunt3
180 2693 213 2750 et
232 2689 345 2767 quibus
364 2688 464 2749 maius
496 2707 576 2748 nunc
597 2707 708 2748 nomen
730 2690 764 2748 et
791 2687 972 2746 diuturnius

28 2775 112 2838 eunio
125 2783 163 2842 ob
178 2782 424 2843 recordationem
444 2780 652 2841 crudelissimi
671 2780 808 2851 itineris,
823 2796 883 2855 qno
897 2779 973 2838 Pius

27 2863 128 2934 Sextus
147 2893 205 2954 per
225 2893 277 2936 eas
297 2877 336 2937 ab
356 2874 562 2936 audacissimo
581 2874 687 2933 furore
709 2871 846 2932 hostium
867 2873 973 2946 rapta·

27 2958 69 3020 ιιι
88 2972 144 3028 ιιι.
160 2969 236 3037 Qnie
250 2973 307 3028 ant
326 2969 422 3041 dicat,
438 2972 494 3028 ant
513 2966 636 3042 assequi
648 2963 838 3042 cogitatione
859 2961 970 3038 possit,

26 3060 90 3126 l1¹0i
98 3078 232 3140 quasque
242 3063 383 3139 perferre
395 3061 540 3122 debuerit
549 3075 716 3121 aerumnas
726 3054 888 3129 Pontifex,
896 3057 971 3116 ante

26 3158 105 3218 luam
124 3156 283 3234 Brigantii
303 3157 389 3218 inter
407 3155 539 3215 horrida
557 3157 592 3214 ct
618 3150 775 3228 inhospita
796 3167 872 3210 sexa
891 3148 973 3226 posi·
1071 3145 1077 3221 j

26 3237 69 3298 tus
87 3243 159 3310 fuiti
172 3251 239 3310 Ant
258 3249 326 3326 qnia
348 3249 452 3327 potins
480 3244 619 3325 prodigii
638 3242 887 3322 magnitudinem
909 3259 971 3301 non

26 3330 158 3416 minetur,
179 3344 290 3404 Senem
303 3343 343 3403 id
365 3342 492 3416 aetatis,
511 3342 569 3402 hae
589 3337 790 3409 valetudine,
815 3335 864 3396 his
883 3353 973 3396 aeru-

26 3427 95 3490 mnis
108 3433 291 3496 incolumem
306 3435 500 3513 pervenisset
510 3434 589 3502 Quid
604 3450 678 3511 ergo
688 3431 875 3492 incolumem
891 3430 971 3502 dixi,

26 3528 104 3588 luem
125 3529 253 3604 ecimus,
278 3527 525 3590 Eminentissimi
553 3529 685 3600 Patres,
707 3543 750 3586 eo·
764 3543 856 3603 quam
877 3526 976 3584 antea»
