2424 4196
414 223 572 286 -87-

72 333 166 408 ceap.
183 331 309 396 Fideles
330 350 434 411 genua
453 335 581 397 flectere
602 335 715 396 debere
729 349 835 396 curam
857 329 976 394 Hostils

28 427 201 490 onsecratis
222 428 261 488 ab
281 426 433 503 intrusis,
456 447 525 490 cum
548 429 578 488 in
600 430 642 489 iis
663 427 865 489 contineatur
887 443 975 502 scre,

27 522 162 594 realiter,
186 526 220 583 et
240 523 498 584 substantialiter
518 525 654 600 Oorpus,
676 527 710 584 et
737 521 892 600 Sanguis,
914 537 977 580 uua

26 631 80 674 eum
98 615 229 687 Anima,
244 617 278 674 et
297 615 474 677 Divinitate
488 619 524 678 D.
541 619 582 678 N.
599 620 624 678 1.
640 619 675 678 O.
691 618 737 678 Nc
752 633 830 675 vero
849 615 881 674 iu
896 613 980 674 eius·

22 709 90 768 modi
111 709 206 770 cultu
228 711 414 786 praestando
437 709 613 771 immiscere
627 727 660 770 se
683 710 854 770 videantur
867 707 978 768 catho-

19 802 64 862 lici
84 821 156 864 cum
180 803 401 875 schismaticis,
423 803 580 864 curabunt
600 802 693 864 iidem
716 801 865 863 catholici
887 817 980 862 occa-

20 896 110 957 siones
130 896 294 958 declinare
309 915 456 958 occursus
476 898 760 970 schismaticorum,
776 915 846 957 oum
868 897 980 958 Sacra·

20 993 152 1050 mentum
176 989 334 1051 deferunt.

71 1085 203 1150 Ouacat.
223 1085 271 1144 12.
288 1085 406 1152 Quibus
428 1084 536 1161 poeuis
549 1084 733 1146 subiiciendi
752 1084 819 1143 siut
840 1084 907 1145 sive
921 1085 978 1144 Eo·

19 1177 196 1254 clesiastici‚
219 1177 284 1238 sive
306 1178 399 1251 laici,
422 1179 473 1256 qui
503 1177 737 1256 praestiterunt
764 1177 977 1239 iuramentum

17 1273 48 1329 da
67 1270 234 1342 libertate,
250 1274 284 1330 ct
304 1272 498 1348 aequalitate
520 1273 686 1333 servanda.

67 1366 166 1442 ceap.
189 1367 259 1427 Nun
282 1383 348 1426 asse
370 1365 472 1426 locum
495 1384 551 1444 pru
575 1385 655 1428 nunc
679 1366 786 1444 poenis
807 1364 976 1440 canonicis,

17 1461 145 1520 nondum
169 1459 255 1519 edito
286 1477 342 1537 per
361 1461 602 1521 Sanctissimum
631 1459 797 1522 Dominum
824 1459 977 1520 Nostrum

17 1550 123 1612 iudicio
145 1569 242 1628 super
262 1553 404 1629 praefato
427 1551 624 1626 iuramento,
646 1555 698 1612 sed
721 1553 888 1611 monendos
908 1567 977 1611 essc

16 1650 42 1704 at
54 1647 167 1718 laicos,
183 1649 217 1705 et
230 1645 481 1720 Ecclesiasticus,
497 1646 550 1724 qui
565 1647 646 1706 idem
662 1647 874 1706 iuramentum
890 1661 979 1722 praa-

16 1740 179 1812 atiteruut,
195 1744 231 1799 ut
251 1741 419 1802 consulant
439 1740 648 1802 conscientiae
670 1759 762 1813 suae,
778 1755 848 1798 cum
869 1738 900 1796 in
923 1738 979 1798 du-

15 1833 59 1894 bio
79 1834 193 1896 iurare
215 1851 273 1892 non
296 1833 402 1894 liceat.

69 1930 203 1994 cunrat.
220 1928 268 1988 13.
285 1927 451 1989 Postulata
469 1925 630 1988 interdum
649 1927 712 1988 iuit
732 1945 751 1988 a
772 1925 977 1988 Sanctissino

15 2021 143 2081 Domino
174 2022 291 2082 Nostro
323 2039 381 2099 pro
412 2022 518 2100 aliquo
539 2039 578 2082 ex
608 2021 746 2083 Vicariis
778 2020 978 2099 generalibus

16 2113 199 2177 dioecesium
221 2114 312 2192 regui
333 2116 528 2190 Galliarum,
551 2121 585 2176 ct
605 2134 661 2194 pro
683 2115 757 2177 aliis
783 2113 979 2193 reimplicibu

16 2209 233 2270 Sacerdotibus
255 2208 390 2270 facultas
410 2210 612 2270 consecrandi
638 2209 741 2270 uicum
762 2209 977 2280 intirmorum,

16 2303 110 2364 oleum
122 2303 439 2375 (latechumeuorum,
449 2308 483 2363 et
494 2306 635 2362 sanctum
647 2303 786 2363 chrisma
795 2307 889 2362 extra
900 2305 980 2362 tem-

15 2413 107 2471 pora,
129 2413 168 2456 uu
188 2398 266 2472 quod
290 2397 400 2456 decrat
422 2396 542 2473 triplex
564 2397 664 2456 oleum
685 2400 976 2470 commemoratum,

15 2493 44 2548 ct
64 2491 175 2550 decrat
196 2489 318 2566 pariter
339 2490 503 2567 episcopus
524 2495 736 2563 cousecratur,
751 2493 817 2551 tum
840 2489 872 2548 in
894 2489 980 2550 ciue-

17 2583 74 2642 ccsi
97 2587 224 2644 omenta
256 2582 378 2660 triplici
400 2584 468 2643 oleo
489 2585 693 2660 supradicto,
715 2586 782 2644 tum
809 2585 842 2644 iu
865 2582 979 2648 vicinis

17 2674 203 2739 dioecesibus
224 2675 369 2753 legitimo
390 2677 524 2736 Pastore
546 2676 679 2735 orbatis.

70 2769 157 2831 Huic
177 2771 334 2848 petitioni
355 2773 563 2847 satisfactum
585 2777 632 2829 est
655 2779 839 2847 sequentem
854 2773 891 2830 in
912 2787 978 2830 mo·

19 2864 99 2925 dum.
115 2869 182 2928 Nun
205 2867 356 2944 expedire
378 2867 530 2928 videlicet
543 2866 728 2927 facultatem
744 2868 841 2926 tribui
857 2862 979 2943 simpli·

17 2955 98 3018 cibus
111 2960 333 3020 Sacerdotibus
359 2961 560 3022 consecrandi
577 2961 695 3039 triplex
720 2963 820 3022 oleum
836 2977 991 3037 praemc-·

15 3056 179 3127 muratum,
202 3072 272 3114 cum
295 3057 519 3132 deprehensum
541 3055 641 3116 fuerit
668 3055 826 3113 insuetum
855 3069 921 3112 esse
943 3052 976 3111 iu

14 3145 149 3206 Ecclesia
162 3148 277 3208 Latina
293 3149 473 3208 huiusmodi
491 3152 645 3226 potestate
668 3147 825 3224 simplices
839 3143 978 3223 Presby-

15 3241 98 3297 terus
115 3242 153 3300 ab
174 3241 346 3316 apostolica
367 3241 449 3301 Sede
475 3241 640 3318 insigniri:
661 3261 680 3301 a
699 3259 761 3316 quc
781 3239 904 3318 quidem
927 3258 978 3300 re·

14 3333 88 3408 gula
106 3353 141 3393 eu
155 3336 258 3394 minus
280 3336 381 3394 recudi
400 3353 457 3394 nun
474 3336 588 3394 dehere
611 3335 785 3394 iudicatum
808 3348 875 3407 est,
895 3336 975 3412 quod

13 3425 200 3502 impossibile
223 3445 281 3488 uon
304 3429 347 3488 sit
361 3428 481 3505 triplex
498 3427 635 3486 oleuma
655 3428 811 3486 catholico
831 3428 976 3506 episcopo

14 3518 226 3594 benerliotum,
249 3521 276 3582 si
297 3539 358 3582 uun
379 3539 419 3582 ex
440 3520 614 3599 proximis,
633 3538 672 3582 ex
700 3521 833 3582 remotis
861 3521 975 3586 saltem
