2488 4204
432 168 589 230 -pp..

463 347 568 405 ΠΙ.

404 469 533 516 omucro
554 469 636 514 mmo

325 625 480 686 ABBATI
500 623 551 686 ΠΕ
569 625 701 687 'SIMON

192 797 322 858 Vicorio
345 785 501 858 Generoli
521 798 680 858 Diocccsis
699 795 854 858 Mctcosis

221 976 420 1058 PIUS
475 975 694 1054 PAPA
739 973 807 1052 VI.

145 1156 286 1214 Dilecto
305 1155 561 1226 Fili,fla1utem
580 1156 617 1210 et
636 1154 872 1223 apostonosm

367 1251 662 1314 Benedictlonem.

89 1408 176 1472 Quod
193 1404 416 1465 allocutionem
431 1407 582 1467 Nostram
597 1405 635 1464 de
649 1407 750 1464 morte
760 1403 914 1466 Ludovici
925 1405 1001 1465 XVI

38 1498 62 1557 in
84 1501 238 1577 gallicam
258 1499 398 1576 linguam
428 1502 538 1559 exacte
566 1515 638 1558 sane
666 1497 841 1574 disertoque
870 1515 1001 1556 conver-

39 1595 121 1668 teris,
142 1613 180 1655 ao
195 1593 432 1654 acerbissimum
448 1593 568 1652 luctum
584 1595 747 1664 Nostrum,
763 1594 857 1668 atque
872 1593 1003 1652 intimos

39 1704 156 1762 sensus,
182 1705 258 1764 quos
287 1688 325 1746 dc
347 1685 436 1744 illius
457 1685 554 1762 regiis
583 1685 757 1744 virtutibus
790 1703 825 1745 ac
848 1684 1002 1761 religione

40 1797 288 1860 perceperamus,
311 1783 401 1838 tanto
425 1779 524 1855 magis
545 1796 601 1855 per
622 1781 776 1855 Europam
800 1777 931 1856 vulgato
946 1779 1003 1838 illo

44 1889 177 1933 sermone
200 1874 371 1931 noscendus
395 1869 426 1928 in
450 1871 551 1930 lucem
574 1871 734 1941 emiseris,
758 1876 883 1948 gratum
905 1869 1003 1931 Nobis

43 1965 103 2038 init,
128 1968 248 2027 dilecte
269 1964 329 2038 fili,
346 1964 500 2042 valdeque
517 1965 611 2024 etiam
626 1964 739 2024 laetati
762 1982 867 2024 sumus
882 1963 1003 2024 litteris

42 2061 107 2134 luis,
126 2078 206 2138 quas
228 2059 409 2121 Nobiscum
433 2062 498 2118 tam
519 2058 681 2118 elaborato
703 2058 782 2116 dono
807 2057 1002 2132 coniunctas,

43 2153 256 2213 transmisisti.
274 2151 338 2218 Quo
355 2153 421 2214 Nos
443 2150 474 2210 in
491 2157 522 2210 te
543 2151 647 2210 animo
659 2151 822 2223 fuerimus,
839 2154 1006 2227 quantum·

43 2266 92 2324 que
114 2247 189 2308 fidei
213 2265 249 2306 ac
273 2245 388 2304 iudicio
410 2251 470 2305 tuo
493 2245 709 2319 tribuerimus,
734 2246 798 2304 iam
819 2263 859 2304 ex
886 2265 923 2306 ea
941 2248 1006 2310 No·

44 2347 103 2403 stra
125 2339 321 2402 allocutione
341 2357 509 2417 agnoscere
533 2339 680 2417 potuisti,
703 2357 771 2398 cum
794 2339 933 2402 eiusdem
948 2343 1004 2402 ad·

45 2437 238 2497 notationum
254 2432 452 2511 praecipuam
474 2437 595 2511 partem
610 2451 676 2494 esse
692 2436 778 2494 tuam
795 2433 1004 2496 voluerimus.

45 2530 122 2590 Hanc
144 2529 247 2606 ipsam
270 2527 468 2588 voluntatem
490 2527 522 2586 iu
544 2533 575 2587 te
597 2527 925 2604 existimationemque
938 2529 1006 2592 No-

46 2627 133 2683 stram
161 2637 244 2680 nunc
272 2638 333 2679 uon
356 2619 456 2680 solum
485 2620 718 2690 confirmatam,
742 2620 794 2678 sed
825 2623 858 2678 et
879 2623 1004 2680 auctam

47 2712 98 2772 tibi
117 2715 255 2775 velimus
277 2717 464 2791 persuadeas
477 2715 515 2773 ob
536 2713 717 2772 huiusmodi
739 2713 936 2789 praeclarum
959 2711 1007 2772 of·

50 2803 142 2870 ficium
166 2812 274 2881 tuum,
290 2826 350 2884 quo
365 2808 490 2886 egregie
507 2805 688 2880 declarasti,
705 2809 823 2883 quanto
837 2806 1007 2876 observan-

50 2898 102 2960 tiae
121 2902 226 2962 studio
248 2900 419 2962 inhaereas
440 2901 512 2962 buic
535 2899 723 2977 apostolicae
744 2898 830 2970 Sodi,
853 2915 888 2957 ac
908 2899 1006 2962 Nobis

48 2989 124 3069 ipsis3
141 2995 195 3071 qui
209 2993 350 3056 invicem
365 2995 437 3053 dum
458 2995 714 3054 commiseramur
727 2996 761 3051 et
772 2994 889 3050 sortem
904 2995 1005 3068 tuam,

49 3090 77 3145 et
97 3088 317 3165 plurimorum,
329 3087 382 3164 qui
397 3091 543 3148 extorres
558 3087 663 3164 patria
677 3087 725 3145 his
741 3085 933 3161 temporibus
948 3103 1006 3162 pro

50 3179 98 3238 Dei
118 3198 210 3240 causa
230 3179 462 3258 profugerunt,
485 3198 546 3239 una
567 3181 663 3241 etiam
684 3183 863 3238 vestrorum
886 3177 1008 3240 animo·

50 3288 111 3332 rum
130 3273 325 3348 tortitudini,
348 3274 558 3347 constantiae,
580 3291 616 3334 ac
637 3271 850 3350 singularibus
871 3272 908 3332 de
930 3275 1007 3336 reli-

52 3365 133 3439 gione
160 3369 283 3428 meritis
318 3367 450 3428 mirifice
482 3368 624 3428 lavemus
651 3372 745 3444 atque
772 3363 1004 3441 applaudimus.

52 3456 195 3536 Tibique,
219 3461 334 3522 dilecte
362 3459 427 3533 fili,
453 3461 636 3524 caelestium
657 3477 820 3521 munerum
852 3463 1006 3540 auspicem
