2488 4204
623 150 781 212 -40-
1224 179 1225 206 r

216 259 280 317 Deo
302 259 444 334 gratias,
470 261 549 336 quod
579 260 666 321 illius
689 247 884 339 benignitate
907 261 946 320 ab
973 259 1196 320 infestissimis

218 351 361 412 hostibus
382 352 510 412 liberati
532 354 622 428 estis,
644 355 750 431 quiin
774 373 828 414 vos
851 354 988 414 maxima
1010 353 1197 414 munitissi-

217 461 328 521 maque
349 446 459 520 classe,
476 465 511 506 ac
533 446 710 510 incredibili
731 448 905 510 animorum
928 447 1069 520 vesania,
1086 465 1196 508 armo·
1224 511 1225 526 χ

218 555 349 615 rumque
370 537 477 614 furore
505 541 680 604 irruebant.
703 544 866 620 Agebatur
887 545 925 604 de
946 543 1114 620 eripienda
1139 559 1196 619 per
1224 559 1225 624 t

218 631 284 690 vim
305 633 421 709 optimo
443 634 510 711 regi
533 634 726 698 clarissimae
754 636 847 696 istius
876 635 997 696 insulae
1018 633 1196 712 possessio·

219 743 270 798 ne,
286 729 426 804 quodque
449 729 548 806 magis
568 736 628 803 est,
645 733 682 790 de
703 732 858 792 catholica
879 730 1046 807 religione,
1063 733 1194 804 Dooqus

218 818 346 895 ipsoex
368 820 479 880 animis
501 823 659 882 hominum
678 825 804 900 penitus
826 823 998 894 evellendo.
1016 824 1096 889 Quid
1124 827 1191 884 tum

219 911 286 988 ipse
307 912 429 988 egeris,
452 915 524 990 quid
547 920 612 976 tam
641 918 810 978 saecularis
831 935 923 994 quam
945 916 1107 993 regularis
1132 917 1192 975 iste

219 1007 335 1080 clerus,
350 1014 497 1085 quautam
519 1011 631 1086 populo
653 1011 683 1070 in
706 1015 803 1072 Deum
825 1011 936 1083 fidem,
957 1014 1110 1086 quantum
1137 1027 1192 1068 ar-

221 1103 330 1161 dorem
352 1104 390 1161 ad
412 1103 607 1179 imploranda
629 1105 737 1165 divina
764 1106 922 1183 praesidia
941 1107 997 1164 tuo
1018 1105 1189 1180 exemplo,

220 1195 284 1254 tuis
299 1195 496 1255 concionibus
518 1196 673 1270 inieceris,
691 1200 799 1257 notum
816 1201 1072 1274 perspectumque
1088 1195 1192 1256 omni-

219 1289 276 1348 bus
298 1292 358 1360 est,
386 1306 420 1348 ac
442 1307 482 1348 ex
502 1289 624 1350 illustri
650 1293 813 1368 reportata
832 1309 888 1367 per
909 1290 1077 1350 caelestem
1098 1305 1190 1365 opem

219 1382 357 1443 victoria
376 1377 606 1444 confirmatum.
624 1385 736 1443 Omnes
758 1383 893 1444 mirifica
907 1387 940 1444 at
961 1385 992 1442 in
1014 1385 1116 1442 Deum
1140 1400 1190 1440 su·

219 1493 370 1553 porosque
398 1477 538 1552 pietate,
561 1480 594 1536 ct
615 1477 646 1536 in
668 1477 916 1537 amantissimum
945 1495 1051 1554 regem
1081 1476 1189 1536 studio

219 1569 375 1643 roborati,
391 1571 491 1646 magis
513 1570 668 1647 precibus,
685 1590 721 1630 ac
742 1588 799 1647 per
815 1571 931 1646 templa
952 1568 1189 1645 supplicationi·

219 1665 288 1736 bus,
304 1682 396 1740 quam
418 1666 482 1724 suis
505 1665 624 1724 viribus
647 1682 761 1742 suaque
784 1665 907 1724 virtute
928 1663 1035 1723 confisi
1058 1669 1188 1724 strenue

220 1757 469 1833 proeliabantur;
486 1759 567 1816 unde
582 1758 699 1834 accepti
714 1757 868 1816 referendi
892 1760 966 1829 suut
987 1756 1114 1815 divinae
1138 1773 1189 1832 pc-

221 1849 359 1925 tentiae,
384 1869 420 1910 ac
442 1857 587 1927 superum
608 1851 782 1926 patrocinio
810 1851 934 1925 fructus
955 1849 1004 1908 illi
1032 1849 1186 1918 maximi,

218 1941 322 2001 fracta
336 1943 496 2016 nimirum,
513 1961 548 2003 ac
563 1943 692 2019 depulsa
706 1946 891 2019 praepotens
910 1941 1048 2001 hostium
1064 1941 1185 2010 classis,

219 2057 413 2118 regnumque
435 2040 501 2100 sine
524 2041 588 2100 ullo
611 2058 687 2118 pene
709 2042 822 2100 damno
844 2040 1049 2109 vindicatum,
1074 2044 1110 2099 ut
1134 2055 1187 2097 vos

219 2133 279 2209 ipsi
302 2138 404 2211 grato,
427 2151 563 2210 veroque
585 2133 765 2192 testimonio
786 2132 994 2209 praedicatis,
1022 2151 1059 2191 ac
1081 2133 1186 2210 populi

221 2225 375 2285 invictum
397 2227 560 2298 ardorem,
583 2225 696 2285 mirum
719 2226 930 2301 periculorum
959 2230 1185 2303 contemptum,

220 2337 256 2378 ac
277 2319 309 2376 in
332 2320 554 2396 propugnando
576 2319 787 2390 alacritatem,
803 2319 1026 2390 constantiam,
1042 2325 1076 2378 et
1099 2319 1187 2380 forti·

221 2413 362 2473 tudinem
384 2433 424 2474 ex
444 2414 500 2473 illo
521 2415 664 2474 haustam
685 2414 871 2474 clementiae
893 2413 990 2486 fonte,
1006 2413 1110 2472 eidem
1133 2412 1187 2474 tri·

220 2508 373 2567 bucndam
394 2527 460 2568 esse
482 2508 662 2586 agnoscitis.
680 2508 794 2585 Igitur,
818 2526 886 2567 cum
908 2525 964 2566 vos
985 2507 1032 2566 ita
1055 2509 1185 2568 univer-

220 2600 279 2660 sim
312 2608 506 2678 ccmparatos
537 2622 577 2663 ex
598 2603 716 2662 litteris
749 2603 813 2661 tuis
842 2601 1023 2673 videamus,
1051 2606 1086 2661 ut
1110 2602 1183 2668 tale,

220 2697 404 2772 tantumque
427 2697 607 2758 beneficium
630 2700 721 2758 aucto
743 2696 849 2756 divino
871 2695 960 2755 cultu
982 2696 1095 2773 magis,
1120 2713 1185 2754 ma·

222 2787 330 2864 gisque
352 2788 384 2848 in
405 2789 541 2848 omnium
564 2791 676 2854 animis
697 2790 830 2848 infixum
852 2790 911 2860 sit,
934 2807 970 2848 ac
996 2789 1184 2864 sempiterna

220 2882 258 2940 ad
281 2885 421 2958 posteros
442 2885 591 2944 memoria
605 2882 834 2955 transmissum,
850 2882 999 2940 maiorem
1014 2881 1047 2939 in
1062 2883 1184 2940 modum

220 2975 438 3051 amplificastis
453 2978 610 3038 laetitiam
626 2980 662 3036 dc
677 2974 768 3035 vobis
785 2977 946 3047 Nostram,
963 2979 1057 3050 atque
1071 2975 1185 3034 idcirco

221 3068 258 3129 ad
281 3070 500 3148 indulgendam
523 3072 610 3132 vobis
632 3068 821 3147 apostolicae
844 3069 932 3128 Sedis
954 3068 1110 3145 gratiam,
1125 3071 1185 3128 Nos

220 3162 281 3222 etsi
302 3168 411 3240 sponte
426 3184 606 3244 propensos,
623 3169 731 3225 vestra
752 3168 857 3223 tamen
871 3163 966 3239 plena
985 3162 1116 3239 pietatis
1138 3181 1185 3241 pc·

222 3257 393 3318 stolaticne
415 3259 644 3320 inflammastis.
661 3261 782 3334 Itaque,
798 3273 866 3316 cum
880 3273 989 3316 ,omnes
1004 3255 1036 3314 in
1052 3255 1110 3315 illo
1125 3256 1185 3333 pri·
1224 3285 1225 3303 κ

221 3352 379 3426 ratarum,
391 3353 646 3429 publicarumque
661 3367 766 3412 rerum
779 3349 972 3423 discrimine,
988 3349 1182 3426 praecipuam
1224 3345 1225 3414 l

220 3445 251 3502 in
268 3446 300 3505 S.
318 3447 462 3524 Martyrc
476 3445 626 3524 Ephysio,
642 3444 798 3518 civitatis,
811 3445 971 3522 totiusque
985 3443 1183 3506 calaritanae
1224 3439 1225 3494 ἶ
