2426 4192
229 345 296 406 tam
325 361 440 420 paucos
461 343 644 404 invenerint
663 344 695 403 iu
718 349 886 422 praetensa
905 345 1035 406 dioecesi
1056 364 1125 406 mea
1144 366 1184 407 se·

232 442 395 500 ctutoresl
419 438 500 499 Sane
522 437 582 515 ipsi
603 437 762 515 simplices
782 437 890 498 fideles
911 443 1077 501 senserunt
1097 440 1185 500 eccls-

230 529 351 593 siastici
378 531 542 609 regiminis
570 530 725 591 rationem
753 531 829 592 adeo
850 531 954 609 palam
975 537 1135 605 constare,
1155 537 1185 591 ut

230 643 321 688 nemo
331 643 400 686 cam
412 624 472 686 sibi
485 624 603 702 tingere
615 625 769 684 diversam
782 624 891 702 possit,
900 625 974 702 quin
986 644 1074 686 suam
1085 627 1185 703 prodat

230 719 465 782 conscientiam.
481 719 545 797 Ipsi
558 723 758 798 agnoverunt
771 719 939 778 secuudum
953 719 1079 797 praxim
1093 721 1185 780 Ecclc·

230 814 306 886 sias,
322 814 404 891 quod
418 831 522 874 omnes
536 812 749 874 ordinationes
761 813 955 891 episcopales
967 818 1039 891 post
1051 815 1184 874 obtentas

230 926 250 970 a
269 910 398 969 Summo
417 907 571 967 Pontiflce
591 907 702 967 Bullas
722 907 825 968 factae
846 907 922 979 sint,
946 909 1028 984 quod
1050 909 1184 967 Summus

229 1001 377 1062 Pontifex
398 1000 442 1060 sit
463 999 561 1072 solus,
583 1000 635 1060 cui
656 1001 798 1060 Ecclesia
819 1003 1009 1077 potestatem
1030 999 1182 1076 permisit,

230 1095 268 1153 ut
281 1092 529 1152 iurisdictionem
543 1091 703 1169 Episcopis
717 1092 897 1165 conferret3
913 1093 995 1168 quod
1009 1092 1081 1170 ipsa
1095 1111 1130 1152 ea
1142 1111 1185 1151 rs·

230 1185 315 1248 tione
337 1191 475 1246 veterem
498 1203 599 1258 usum,
621 1186 712 1246 iuxta
733 1205 824 1263 quem
849 1187 1095 1264 Metropolitani
1122 1187 1185 1246 mis·

230 1280 347 1342 sionem
362 1285 396 1340 et
408 1278 677 1340 confirmationem
693 1279 917 1357 impertiebant
929 1282 1095 1358 Episcopis
1108 1281 1184 1340 abro-

230 1374 335 1454 garit3
357 1375 436 1450 quod
457 1373 601 1450 Episcopi
622 1373 767 1432 canonice
788 1371 876 1432 missi
889 1379 922 1432 et
935 1373 1080 1434 ordinati
1094 1376 1183 1436 aucto-

228 1469 358 1530 ritatem
380 1485 480 1539 suam,
503 1467 564 1528 uisi
587 1466 705 1527 iudicio
726 1466 897 1540 Ecclesiae,
912 1469 970 1528 aut
983 1485 1042 1545 per
1057 1469 1184 1545 resigna·
1209 1531 1210 1538 ἶ

229 1559 348 1624 tionem
369 1580 388 1623 a
408 1561 538 1621 Summo
558 1560 713 1620 Pontifice
734 1563 939 1637 acceptatam,
962 1562 1116 1622 amittere
1134 1577 1182 1619 non

229 1655 367 1733 possint3
389 1659 510 1714 etcum
532 1654 679 1714 viderent
699 1671 799 1714 meam
821 1654 933 1731 agendi
957 1656 1118 1715 rationem
1136 1657 1183 1714 Ec-

228 1747 344 1808 olesiae
370 1746 561 1808 auctoritate
591 1746 771 1824 neutiquam
800 1746 926 1820 fulciri,
955 1766 1071 1808 rerum
1093 1749 1182 1826 potins

228 1841 398 1902 Ecclesiam
409 1859 526 1912 omnes,
539 1845 695 1916 quactum
707 1840 901 1914 acciderunt,
912 1841 1075 1902 novitates
1086 1844 1180 1918 aperte

230 1935 385 2006 aversari,
409 1941 495 1994 recte
516 1934 736 1994 concluserunt
756 1951 804 1993 me
826 1937 859 1993 et
879 1951 945 2006 eos,
967 1934 1021 2011 qni
1042 1935 1122 1994 mibi
1140 1933 1182 1994 ad·

229 2027 420 2100 haerebant,
447 2027 514 2087 eius
539 2025 725 2086 auctoritati
748 2025 884 2086 rebelles
913 2043 991 2086 esse.
1016 2025 1181 2102 conscripsi

231 2120 494 2184 «catechismum
523 2121 747 2180 momentosum
776 2118 950 2180 christiane
977 2119 1181 2195 politicum»

230 2214 403 2276 debuissem
418 2213 534 2274 dicere:
549 2231 568 2274 ι
583 2214 710 2290 politice
723 2212 952 2286 christianum
965 2230 984 2271 n
999 2231 1073 2273 uam
1088 2228 1182 2288 scopus

229 2306 297 2366 eius
318 2308 429 2384 scripti
450 2310 534 2378 erat,
555 2307 753 2382 Religionem
774 2309 843 2366 Iesu
863 2306 986 2367 christi
1008 2308 1046 2366 ad
1073 2304 1182 2368 consti·

229 2398 385 2460 tutionem
397 2399 592 2460 Gallicanam
603 2400 850 2467 accommodare,
864 2403 897 2456 et
909 2415 1057 2474 magnum
1070 2396 1182 2457 revolu·
1208 2421 1209 2426 ¹

229 2490 326 2554 tionis
354 2509 490 2552 amorem
519 2493 685 2570 inspirare.
715 2493 749 2552 ln
778 2510 814 2551 eo
841 2491 977 2551 conabar
1004 2490 1180 2568 praesertin
1208 2497 1209 2566 j

230 2586 406 2657 ostendere,
422 2589 501 2663 quod
519 2585 744 2648 «constitutio
765 2585 877 2646 ctvilis
898 2584 985 2646 cleri
999 2602 1018 2643 a
1033 2579 1180 2660 Religioni

231 2695 361 2756 prorsus
387 2678 467 2738 nibil
495 2680 702 2752 adversetur,
723 2679 786 2740 imo
808 2678 964 2738 Ecclesiae
991 2677 1179 2752 primitivum

229 2772 370 2832 decorem
399 2771 563 2831 restituat.
592 2770 732 2836 Quilibet
758 2769 1002 2833 constitutionis
1035 2768 1178 2830 articulus

149 2915 151 2920 -
229 2865 395 2930 horrorem
417 2864 557 2925 excitare
578 2862 611 2922 iu
633 2881 681 2924 me
703 2864 877 2936 debuisset,
906 2881 962 2940 ego
989 2867 1096 2923 tamen
1122 2876 1178 2920 eeu

230 2959 400 3024 universim
416 2957 605 3018 conformem
620 2975 688 3016 esse
702 2956 774 3016 fidei
785 2956 942 3018 Ecclesiae
953 2955 1176 3016 contendebam.

228 3053 338 3115 Novae
359 3051 446 3126 leges
467 3048 647 3110 Gallicanae
669 3048 909 3126 proscribebant
929 3053 1004 3108 sota
1030 3045 1179 3116 solemnis,

229 3145 501 3222 reprehendebant
515 3141 702 3202 exercitium
714 3141 915 3202 consiliorum
927 3141 1180 3218 evangelicorum,

230 3255 288 3314 ego
310 3253 386 3296 sero
401 3233 642 3296 temerariorum
663 3234 794 3296 istorum
815 3235 1014 3294 decretorum
1037 3232 1181 3295 executio·

231 3347 301 3390 nem
322 3327 578 3407 pronunciabam,
593 3347 659 3390 esse
678 3342 755 3404 opus
773 3327 872 3403 ipsius
892 3326 961 3400 Dei,
976 3331 1129 3404 tamquam
1142 3323 1180 3382 di-

231 3420 381 3498 sciplinae
402 3419 633 3480 ecclesiasticae
653 3420 927 3480 instaurationem.

289 3513 385 3575 civili
404 3511 638 3578 constitutione
659 3511 745 3572 cleri
759 3511 850 3572 novis
864 3511 1026 3588 Episcopis
1039 3505 1178 3589 praescri·
