2430 4202
580 231 583 240 ’
624 270 662 284 -
683 239 744 299 272
765 270 802 283 -

234 349 279 408 rit
293 365 370 424 quae
392 346 447 406 rix
467 364 574 423 parem
590 363 736 422 umquam
758 347 905 407 babuerit
925 346 1172 419 constantiamet

233 441 265 499 in
287 439 464 500 miserrima
484 456 591 498 rerum
621 439 756 498 omnium
780 439 1001 516 desperatione
1021 458 1080 499 non
1099 441 1173 498 modo

123 606 124 609 Ἴ
234 553 294 594 non
316 534 472 594 deterrita
494 533 552 605 sit,
575 534 626 592 sed
650 551 688 592 ne
710 533 863 610 gemitum
892 533 1018 611 quidem
1038 530 1172 600 emiserit
1198 550 1199 598 l

235 629 327 702 atque
342 627 417 686 adeo
438 625 566 686 incursu
588 625 654 702 ipso
676 631 710 685 et
730 626 971 686 eoaoervationo
994 625 1176 686 malorumet
1198 613 1199 674 i

236 720 354 793 maior,
376 723 411 780 et
435 718 631 796 promptior,
654 722 688 776 et
712 716 849 776 alacrior
871 737 996 796 semper
1018 715 1174 784 emerserit,
1198 739 1199 744 ¹

237 831 293 873 nee
313 831 391 886 sese,
415 813 474 872 nisi
497 817 599 872 morte
613 811 835 885 intercidente,
850 817 908 872 aut
922 813 1066 886 flexerit,
1077 814 1177 873 autre-

237 906 371 979 miserit,
394 911 450 967 aut
471 905 536 965 ullo
557 905 646 964 modo
668 903 817 964 desieriti
1199 936 1200 983 ,

297 1000 381 1066 Quae
403 998 506 1058 omnia
527 997 553 1057 si
568 995 626 1056 Pio
641 997 738 1056 Sexto
760 1015 819 1056 non
831 999 925 1058 ‘modo
941 1017 1003 1057 non
1018 997 1176 1066 defuerunt,
1199 1045 1200 1048 ,

238 1110 346 1152 verum
361 1095 432 1169 post
446 1090 664 1151 tristissimum
686 1088 776 1149 illum
791 1090 886 1163 diem,
900 1109 961 1168 quo
973 1092 1061 1153 Urbe
1074 1096 1106 1150 et
1117 1089 1176 1148 Sede

238 1204 294 1246 sua
309 1184 360 1244 vel
380 1184 510 1254 eiectus,
529 1183 580 1242 vel
601 1182 760 1257 depulsus,
777 1183 829 1242 vel
844 1183 1010 1260 abreptus,
1025 1185 1061 1243 et
1079 1183 1177 1244 abstra-

237 1281 306 1338 otus
327 1280 387 1349 est,
404 1278 552 1353 usquead
574 1276 675 1352 ipsum
698 1274 777 1334 illud
792 1280 971 1336 extremum
994 1279 1175 1342 momentum,
1200 1322 1201 1352 ,

237 1389 298 1448 quo
315 1369 528 1430 beatissimum
545 1367 692 1444 spiritum
709 1367 802 1426 nimis
816 1385 886 1428 sero
901 1368 976 1442 sibi,
991 1369 1082 1429 nobis
1095 1373 1177 1428 autu
1200 1355 1201 1364 ¹

237 1465 298 1524 hen
320 1480 411 1540 quam
435 1460 526 1521 nimis
547 1461 629 1521 eitol
653 1461 832 1533 exhalavit,
855 1461 900 1522 sio
920 1463 1134 1534 abundarunt,
1152 1463 1177 1518 ut

238 1559 304 1618 sine
325 1554 464 1616 lacrimis
491 1553 668 1614 meminisse
702 1553 789 1613 nullo
817 1554 906 1614 modo
934 1556 1108 1632 possimus;
1127 1555 1178 1632 quis

238 1653 361 1711 demum
383 1667 443 1709 non
473 1647 644 1720 fatebitur,
659 1647 697 1707 Ei
718 1646 906 1706 nobilissimi
927 1649 1084 1726 Martyrii
1104 1665 1177 1726 genus

238 1745 272 1802 et
283 1743 375 1802 deeus
390 1741 543 1801 divinitus
557 1740 653 1800 fuisse
670 1740 846 1800 tributum?
864 1742 908 1800 Ao
923 1741 1105 1803 incredulos
1116 1759 1175 1810 esse,

239 1851 368 1911 quorum
384 1832 513 1892 nefariis
534 1832 672 1892 consiliis
685 1835 718 1892 et
733 1834 903 1894 sceleribus
923 1837 1072 1910 quaesita
1084 1838 1178 1895 Paren-

238 1929 281 1989 tis
303 1928 413 2006 optimi
436 1945 518 1986 mors
532 1933 593 1999 est,
609 1931 643 1987 et
657 1927 782 1986 crudele
797 1932 957 2004 patratum
980 1931 1177 2006 parricidium

239 2040 277 2081 ne
299 2022 359 2098 ipsi
380 2020 503 2097 quidem
525 2038 633 2080 eorum
656 2023 801 2082 auctores
817 2026 850 2080 et
868 2021 1032 2084 adiutores
1056 2021 1179 2102 negatori

239 2119 323 2176 sunt.
340 2114 416 2182 Quis
429 2118 478 2174 est
492 2114 573 2174 enim
590 2114 644 2190 qui
659 2115 779 2176 neseiat
793 2133 888 2192 usque
910 2117 989 2176 adeo
1011 2117 1178 2194 prooessisse

239 2208 433 2288 perditorum
455 2208 613 2266 hominum
635 2207 871 2282 temeritatem,
894 2211 930 2269 ut
951 2228 1021 2270 esse
1044 2230 1077 2271 se
1097 2212 1179 2270 inore·

240 2304 328 2365 dulos
350 2302 539 2380 glorientur,
562 2306 596 2360 et
617 2301 729 2378 ubique
750 2301 899 2376 clament,
921 2320 958 2362 ae
980 2303 1015 2363 in
1037 2307 1125 2366 laude
1140 2323 1179 2381 po

239 2396 334 2458 nanti
355 2397 493 2472 Itemque
509 2395 588 2472 apud
610 2394 786 2455 incredulos
797 2395 914 2472 Optimi
929 2401 963 2456 et
975 2399 1108 2459 Maximi
1119 2401 1179 2458 Pon·

239 2492 333 2554 tiliois
362 2494 464 2552 morte
493 2509 528 2550 ao
557 2490 708 2567 sanguine
735 2489 931 2568 obsignatam
960 2493 1179 2554 Saerosanetan

239 2587 349 2646 Fidem
363 2584 471 2659 iuiss03
487 2582 541 2661 qui
562 2583 707 2645 dubitare
722 2584 855 2660 poterit,
869 2583 923 2661 qui
938 2585 1065 2661 quidem
1080 2585 1179 2652 scierit,

239 2678 453 2739 beatissimum
474 2677 587 2738 Virum
609 2695 648 2736 ex
669 2695 729 2755 quo
757 2679 858 2738 Roma
879 2679 1043 2740 detractus
1065 2683 1126 2752 est,
1145 2693 1180 2736 eo

240 2791 310 2834 rum
332 2791 454 2851 semper
476 2772 508 2832 in
530 2773 672 2833 manibus
693 2790 729 2832 ae
750 2775 906 2848 potestate
927 2773 1039 2848 fuisse,
1056 2780 1178 2852 atqueoo

239 2866 272 2927 in
294 2868 357 2928 solo
384 2868 516 2928 mortem
543 2866 691 2942 oppetere
719 2865 878 2939 debuisse,
901 2866 954 2926 nbi
974 2869 1080 2927 sedem
1102 2868 1178 2944 ipsun

240 2979 275 3021 ae
297 2959 489 3020 domicilium
510 2958 763 3034 incredulitatis,
786 2959 890 3020 invita
910 2963 1004 3036 gente
1026 2961 1140 3039 optima
1156 2959 1179 3014 et

240 3051 514 3123 christianissima,
527 3049 707 3111 iamdudum
723 3054 865 3112 statuere
880 3052 1180 3119 studueruntlQuau-

238 3147 344 3207 obrem
367 3148 402 3206 ut
425 3143 611 3205 nobilissimi
633 3144 783 3221 martyrii
806 3149 873 3205 tum
895 3146 988 3205 deeus
1010 3149 1078 3208 tum
1103 3159 1180 3223 genus

240 3239 448 3311 inveniamus,
472 3235 551 3296 nihil
572 3236 637 3296 erit
657 3241 822 3314 praeterea
843 3240 1066 3314 quaerendum,
1087 3237 1140 3298 nisi
1153 3236 1180 3292 do

240 3329 441 3390 interimendi
464 3327 626 3389 Pontifleis
648 3329 829 3404 voluntate;
851 3331 889 3390 de
911 3334 1134 3394 tormentorum
1150 3327 1179 3386 ad

240 3423 483 3483 interimendum
505 3421 550 3494 ri,
570 3422 755 3494 acerbitate,
777 3423 1010 3497 diuturnitate;
1033 3428 1068 3484 de
1089 3419 1180 3483 Ponti-

241 3513 307 3574 lleis
328 3514 508 3587 alacritate,
531 3512 695 3588 firmitate,
719 3515 906 3578 constantin.
924 3517 984 3578 Sed
1007 3514 1178 3578 diuturnitas
