2426 4192
592 314 630 326 -.
651 279 711 342 190
731 313 769 324 .-

199 385 410 449 miserationis
437 377 630 447 advenerit?
658 383 735 450 cum
763 393 958 464 perpurgata
987 389 1153 450 ventilabro

199 481 266 554 Dei,
281 482 496 542 tribulationis
512 483 584 559 igne
600 483 742 559 probata,
759 485 809 540 tot
823 481 1017 542 admIrandis
1028 485 1152 556 Vestris,

198 595 236 635 ac
249 576 474 635 venerabilium
486 576 621 635 fratrum
631 577 816 637 Nostrorum
825 575 1043 636 cardinalium
1055 579 1155 637 trium-

201 670 270 747 phis
298 668 465 729 nobilitata
487 668 550 746 (1),
580 669 658 741 fide,
685 668 883 741 constantia,
913 671 1086 730 sanctitate
1112 675 1154 731 tet

262 848 296 902 (t)
314 849 368 893 Hoc
383 846 411 893 in
427 847 483 893 leoe
500 859 544 892 sex
560 847 599 892 illi
616 847 725 893 Sanctae
735 849 862 893 Romanae
873 847 1006 894 Ecclesiae
1017 847 1155 896 cardinales

201 936 216 970 a
233 923 334 970 Summo
350 923 472 970 Pentiflec
487 923 637 979 innuuntur,
654 935 717 979 ques
733 922 828 980 primos
843 923 947 969 hostilis
963 925 1006 970 vis
1022 927 1154 984 occupavit,

197 1000 334 1044 etaemus
350 997 458 1044 detinuit
474 997 514 1044 die
530 1000 545 1044 8
561 997 655 1043 mensis
665 997 751 1042 Martii
767 999 828 1043 anni
845 999 920 1055 1798,
943 999 975 1045 de
991 1001 1086 1057 quibus
1100 1000 1155 1046 iden

200 1077 237 1122 ita
253 1074 293 1120 die
309 1077 340 1120 26
356 1073 468 1120 eiusdem
484 1075 587 1130 mensis,
606 1075 654 1120 sub
672 1073 760 1120 datum
777 1072 854 1120 Senis
865 1075 933 1132 apud
944 1077 1052 1122 Beatam
1062 1079 1155 1124 unum
1205 1125 1206 1136 ,

200 1151 329 1207 Virginem
344 1150 372 1195 in
388 1151 457 1196 caele
475 1152 639 1208 assumptam,
658 1150 761 1207 scripsit
779 1148 904 1196 Andreae
919 1149 1045 1199 Minueci
1065 1155 1155 1202 Archia-

199 1227 302 1284 pisoepe
320 1221 434 1272 Firman
450 1239 474 1271 e.
489 1223 510 1272 Ι
510 1227 521 1273 l
532 1233 615 1286 tempe
626 1233 747 1272 cernente
763 1223 833 1285 esiye
842 1224 979 1287 sermease
996 1240 1010 1272 c
1026 1227 1154 1288 cerayqie,

200 1299 268 1348 esei
286 1299 433 1348 C'erdinuli
450 1299 524 1363 presi
545 1300 575 1348 in
595 1299 739 1361 estayqio,
757 1299 832 1363 epei
851 1301 1011 1364 trasperteti
1026 1301 1060 1350 in
1079 1301 1155 1350 cieite

203 1374 314 1423 Venetia
330 1376 358 1423 le
377 1375 467 1422 banne
485 1373 660 1435 dimostrato,
678 1389 691 1421 e
707 1377 734 1424 le
752 1375 935 1437 dimostrane,
958 1377 1094 1425 edbenclsi
1110 1391 1155 1424 nen

196 1451 331 1514 cappiano
352 1451 433 1512 quale
455 1447 517 1496 sard
534 1448 556 1496 tt
572 1451 632 1497 lero
656 1449 777 1511 destino,
797 1465 840 1496 ma
859 1465 924 1498 sene
946 1451 981 1498 de
1000 1451 1068 1500 tutti
1083 1454 1094 1497 i
1109 1451 1156 1498 saei

200 1525 356 1590 applauditi
366 1524 499 1573 estimati.
512 1526 661 1574 Cardinales
670 1541 760 1584 nempe
771 1529 843 1574 fuere
855 1525 1013 1574 Leonardus
1025 1529 1157 1588 Episcopus

201 1599 393 1649 Praenestinus
411 1603 508 1649 S.R.E.
518 1602 660 1649 cardinalis
672 1601 815 1649 Antecedit
826 1601 1040 1662 Seneyelliensis
1053 1605 1159 1662 Signatu-

199 1692 243 1725 rae
260 1681 377 1726 Iustitiae
396 1679 550 1735 Praefectus,
563 1677 662 1740 Iesepb
672 1681 697 1726 S.
710 1679 779 1726 Petri
795 1681 823 1726 in
839 1679 949 1725 Vincula
958 1680 1099 1738 Presbyter
1110 1683 1158 1728 css·

197 1755 301 1812 dinalis,
315 1754 346 1801 ab
360 1751 448 1800 Auria
462 1752 551 1813 Liqur
563 1768 578 1801 a
591 1755 699 1802 Secretis
711 1757 807 1812 Status,
821 1753 974 1816 Stephanus
988 1758 1014 1803 S.
1027 1759 1156 1806 clementis

200 1844 225 1889 p.
238 1846 259 1878 c.
273 1828 377 1890 Beroia
390 1827 541 1876 Veliternus
552 1832 577 1877 S.
589 1831 616 1878 c.
625 1831 720 1878 indicis
730 1833 886 1889 Praefectus,
898 1831 1028 1880 Aurelius
1040 1836 1087 1880 SS.
1095 1837 1156 1880 Ioan-

199 1909 240 1954 nis
257 1909 282 1954 st
298 1906 372 1953 Pauli
387 1919 412 1964 p.
425 1919 445 1952 c.
460 1903 602 1952 Roeerella
618 1901 797 1953 Ferrariensis
815 1907 944 1964 Detentus,
965 1906 1061 1955 Iulius
1076 1907 1155 1956 Mario

201 1985 226 2030 S.
239 1984 346 2030 Sabinae
363 1997 387 2041 p.
406 1996 428 2028 e.
447 1980 479 2028 de
496 1979 634 2040 Serneplia
652 1979 829 2029 Placentinus
852 1985 932 2032 almae
950 1985 1027 2030 Urbis
1046 1985 1156 2032 Vicarins
1208 2013 1209 2020 ,

201 2059 335 2117 generalis,
353 2059 379 2104 et
397 2053 542 2118 Philippus
560 2058 585 2102 S.
603 2058 736 2104 Eustachii
752 2057 880 2104 Diaeeuns
900 2058 1048 2106 cardinalis
1069 2057 1158 2106 ceren

202 2132 263 2182 dinei
280 2130 450 2180 Pisaurensis
468 2133 532 2178 Beni
548 2133 686 2190 Regiminis
696 2135 853 2192 Praefectus,
865 2136 909 2192 qui
921 2132 1021 2180 Romae
1038 2137 1122 2182 clausi
1135 2135 1157 2179 in

201 2209 336 2264 coenobio,
354 2209 431 2264 vulgo
449 2205 518 2252 delle
537 2204 703 2265 convertite,
720 2208 791 2266 prius
807 2211 948 2266 evacuato,
966 2210 1006 2255 die
1025 2212 1057 2258 10
1076 2211 1159 2256 mensis

196 2284 312 2331 eiusdem
321 2284 368 2330 sub
378 2285 477 2329 noctem
487 2296 539 2329 una
550 2296 606 2328 cum
619 2279 717 2329 Oarele
731 2280 843 2330 Orieelli
854 2281 1056 2332 Mediolanensi
1065 2287 1157 2332 Archia

199 2359 302 2418 piscepe
321 2355 497 2415 Patracensi,
519 2357 652 2404 Praefecto
674 2358 765 2414 Urbis,
784 2355 861 2405 Iulio
879 2356 1050 2419 Sperandini
1068 2359 1157 2408 Aeetae

202 2433 517 2489 camerae-commissario,
531 2434 556 2479 et
567 2429 656 2478 Paule
668 2429 798 2491 Viryanie
810 2431 1010 2481 Mediolanensi
1018 2435 1159 2482 commercii

200 2510 358 2566 Adsensere,
382 2505 576 2554 Centumcellas
593 2506 706 2553 traducti
721 2507 810 2564 fuere,
828 2511 854 2554 et
869 2508 986 2566 diligenti
1007 2512 1124 2558 custodia
1136 2511 1159 2556 in
1209 2503 1210 2508 ’

202 2587 311 2644 angusto
322 2585 440 2630 Fratrum
452 2583 657 2629 Praedicaterum
668 2584 793 2630 coenobie
804 2583 899 2629 deuna
913 2597 993 2643 usque
1007 2587 1039 2632 ad
1051 2586 1117 2633 diem
1125 2588 1156 2640 28,

203 2674 255 2719 qua
270 2661 387 2706 libertate
404 2659 491 2705 donati
507 2672 538 2706 ca
555 2659 706 2715 conditione,
724 2661 753 2704 ut
769 2661 818 2706 iter
827 2660 906 2706 maris
917 2665 1089 2720 capesserent,
1101 2660 1158 2720 qued

201 2740 263 2785 ferti
280 2741 363 2785 animo
381 2750 468 2783 omnes
484 2737 601 2782 fecerunt
616 2738 739 2793 (exceptis
756 2737 920 2784 Praesulibus
939 2735 1056 2785 Urieelli
1072 2741 1097 2786 et
1108 2737 1158 2800 Spe

201 2813 324 2873 rendini,
335 2814 426 2871 quibus
436 2813 586 2871 permissum
602 2812 653 2858 fnit
670 2811 702 2857 ad
717 2813 821 2870 propria
837 2813 936 2869 redire),
949 2814 1011 2859 licet
1021 2816 1157 2871 periculosa

200 2893 286 2938 nautis
302 2889 431 2938 videretur
450 2888 589 2946 navigatio,
607 2890 633 2934 et
648 2901 717 2934 mare
735 2887 843 2935 adversa
853 2890 1003 2947 tempestate
1014 2891 1155 2946 lactaretur,

198 2975 227 3018 et
237 2973 343 3030 exiguae
354 2968 489 3016 admodum
499 2969 584 3014 essent
595 2969 709 3025 cymbae,
722 2968 814 3026 quibus
832 2981 859 3015 se
877 2969 1033 3016 committere
1044 2970 1156 3028 cogeban-

200 3051 252 3094 tur.
270 3047 319 3094 Sed
335 3046 381 3092 Del
397 3047 479 3104 pietas
498 3045 598 3102 praesto
615 3045 665 3090 fnit
681 3044 735 3090 illis
750 3058 796 3102 per
811 3044 961 3091 discrimina
977 3046 1002 3090 et
1020 3053 1155 3096 aerumnas,

202 3123 337 3182 omnesque
354 3122 386 3169 ad
402 3121 490 3168 littera
505 3117 653 3166 Hetruriae
669 3121 807 3166 incolumes
823 3120 951 3166 conduxit.
970 3121 1042 3167 Idem
1060 3119 1157 3177 contigit

199 3201 277 3247 etiam
293 3197 398 3246 Ioanni
414 3195 540 3243 Andreae
557 3193 584 3242 S.
602 3193 717 3243 Eusebii
733 3197 885 3254 Presbytero
903 3195 1034 3243 cardinali
1044 3192 1157 3243 Areletti

201 3271 348 3333 Briniensi,
364 3276 391 3320 et
406 3272 530 3330 Episcopo
550 3268 716 3331 Ausculane,
728 3271 771 3329 qni
781 3271 823 3318 die
839 3274 869 3318 ‘32
880 3271 993 3319 eiusdem
1002 3273 1089 3318 Martii
1100 3269 1157 3318 cm

139 3397 143 3410 ,
202 3348 340 3396 tumcelles
357 3348 449 3394 duetus
464 3347 522 3402 fuit,
542 3347 617 3403 atque
633 3344 691 3391 inde
708 3358 798 3392 versus
817 3343 956 3407 Neapolim
973 3347 1060 3403 solvit,
1079 3346 1118 3392 eni
1132 3357 1155 3390 ss

202 3423 266 3473 socii
280 3424 391 3470 iunxere¹
401 3422 551 3478 Praesnles,
569 3422 644 3478 atqua
661 3420 793 3480 utriusque
810 3422 962 3479 Signaturae
979 3421 1154 3474 Referendasii,

202 3513 249 3549 nac
265 3511 317 3546 nen
333 3497 504 3545 Pretonetsrii
519 3497 667 3554 apostolici,
681 3493 840 3544 Franciseus
854 3495 954 3544 Calene
967 3493 1154 3558 Neapolitanae

204 3578 313 3625 Sanotm
323 3577 418 3623 Domus
429 3577 454 3622 et
471 3574 590 3622 civitatis
600 3570 715 3620 Lucreti
725 3573 880 3630 Praefectus,
893 3575 918 3618 et
929 3568 1154 3620 SettimiusHene·
