2424 4196
397 217 579 278 -153-

397 385 581 444 ΧΙΝΙΙΙ.

381 507 511 552 omncro
531 507 613 552 nuno

253 659 730 724 WILDERIOO

281 817 438 896 Episcopo
448 821 544 880 electo
555 819 706 898 Spirensi

187 983 385 1065 PIUS
447 985 666 1064 ΡἈΡΑ
723 987 792 1066 VI.

127 1189 264 1248 Dilecta
283 1189 367 1262 uui,
388 1190 540 1250 Salutem
561 1196 597 1250 et
616 1193 853 1262 aposcolicam

342 1284 640 1344 Benedlotlonem.
836 1297 838 1304 “

69 1437 261 1512 Pergratum
283 1436 381 1498 Nobis
407 1438 537 1498 litterae
565 1440 638 1498 tuae
659 1439 692 1498 in
714 1439 772 1499 lnao
798 1442 974 1515 temporum

17 1528 184 1604 asperitate
206 1527 411 1590 iucunditatis
432 1529 571 1592 fructum
592 1531 785 1604 attulerunt,
808 1531 841 1590 in
863 1531 974 1608 quibua
1046 1549 1050 1556 ·

17 1623 173 1700 egregium
190 1625 262 1684 tuae
277 1623 308 1682 in
320 1624 384 1684 Nos
397 1627 492 1702 atque
506 1624 538 1684 in
554 1627 634 1685 hano
646 1625 851 1704 apostolicam
863 1626 974 1686 Sedem

18 1715 229 1778 observantiae
250 1717 405 1793 specimen
424 1720 650 1795 perspeximus,
666 1719 820 1796 simulque
841 1717 975 1795 diligen·

18 1809 61 1868 ter
82 1827 118 1870 ac
144 1807 281 1868 dilucide
308 1809 486 1886 expositum
507 1830 527 1871 a
548 1815 581 1872 te
602 1811 800 1888 accepimus,
827 1812 909 1888 quod
933 1829 974 1870 ex

17 1902 105 1961 lineri
119 1903 236 1964 Nostro
257 1902 307 1962 die
329 1909 444 1980 quarta
457 1906 540 1966 Iunii
563 1905 735 1983 superioris
749 1905 823 1964 anni
839 1907 913 1966 dato
934 1906 974 1965 ad

18 1994 89 2054 Van.
110 1995 261 2056 Fratrem
282 1997 460 2074 Augustum
489 1998 674 2076 Episcopum
703 2000 975 2076 praedecessorem

19 2091 99 2148 tuum
122 2091 161 2148 de
182 2089 318 2150 adducta
338 2089 371 2148 in
394 2090 521 2150 dubium
543 2091 660 2152 Aloisii
687 2091 819 2152 Linderi
849 2091 976 2152 ordine·

18 2180 95 2240 tione
115 2180 338 2257 inquirendum
357 2186 533 2260 supererat,
549 2183 671 2260 utquid
696 2184 781 2244 facto
796 2202 872 2262 opus
891 2186 975 2244 esset

18 2275 202 2336 anctoritate
223 2275 406 2351 Apostolica
430 2277 679 2338 decerneremus.
703 2277 836 2338 Scilicet
858 2279 915 2339 ille
935 2279 974 2338 ud

17 2367 74 2428 Nos
95 2368 266 2441 retulerat,
281 2368 436 2430 Aloisium
451 2371 622 2433 isindorum
644 2376 845 2448 posteaquam
867 2369 975 2448 pravis

17 2460 150 2520 consiliis
163 2461 310 2522 inductus
324 2481 341 2522 e
355 2463 496 2540 Spirensi
511 2463 685 2525 Seminario
700 2464 732 2524 in
743 2465 975 2541 Argentinenae

18 2569 46 2610 se
65 2554 272 2626 contulisset,
294 2555 399 2632 ibique
427 2574 446 2616 a
471 2555 634 2618 Brindelio
656 2557 778 2618 ineam
800 2558 975 2618 Ecclesiam

18 2644 134 2706 intruso
154 2646 307 2724 Episcopo
321 2648 360 2707 ad
376 2650 442 2708 tres
456 2647 589 2709 Ordines
608 2649 785 2726 superiores
798 2653 974 2727 promotus,

18 2736 148 2796 eiusdem
162 2739 259 2798 etiam
282 2743 360 2820 nutu
382 2742 415 2800 et
436 2740 602 2802 voluntate
623 2741 798 2802 animarum
818 2758 926 2802 curam
939 2741 973 2802 in

20 2829 111 2890 variis
124 2830 281 2908 Spirensis
294 2831 443 2894 dioecesis
457 2832 536 2892 locis
556 2833 762 2905 exercuisset,
775 2835 974 2910 postmodum

20 2921 113 2982 divini
125 2924 274 2987 Numinis
286 2926 468 3003 adspirante
482 2927 589 3005 gratia
610 2927 642 2986 in
664 2946 696 2986 se
717 2944 893 2998 reversum,
906 2942 975 2986 sese

19 3013 128 3076 iterum
152 3018 184 3076 in
206 3018 376 3095 pristinum
398 3020 545 3097 Spirense
566 3020 777 3080 Seminarium
805 3018 974 3096 recepisse,

18 3107 153 3187 nihilque
173 3129 257 3171 nunc
276 3112 377 3189 magis
398 3113 429 3174 in
451 3114 536 3174 votis
556 3115 683 3186 habere,
699 3130 790 3190 quam
813 3117 849 3174 ut
868 3112 975 3174 Eccle-

16 3200 80 3261 siae
93 3203 315 3263 reconciliatus
328 3205 360 3264 in
375 3206 461 3266 clero
475 3223 660 3284 permanere
674 3205 792 3268 valeat.
1000 3275 1002 3278 Α

55 3295 119 3360 Qua
138 3297 170 3354 in
191 3314 227 3357 re
247 3297 308 3356 dno
328 3299 570 3360 considerationi
589 3300 723 3361 Nostrae
744 3298 903 3376 proposita
923 3297 975 3360 in·

19 3386 206 3463 tellenimus3
223 3406 318 3448 unnm
333 3391 410 3466 quod
433 3390 553 3452 attinet
573 3393 610 3452 ud
633 3391 822 3470 gravissime
842 3393 973 3464 scelere,

18 3479 123 3554 quibus
144 3501 175 3543 se
195 3481 352 3544 Linderns
373 3484 548 3544 adstrinxit
568 3485 743 3562 sacrilegae
764 3503 835 3546 cum
850 3486 976 3547 ordina·
