2522 4200
53 377 125 421 snm
143 364 180 419 et
193 359 358 436 depulsam
380 360 499 418 certam
514 355 629 419 alicubi
645 361 754 422 Sedem
776 362 1024 424 nancisceretur.

55 455 161 514 Huius
182 470 242 530 ago
265 452 325 526 rei,
340 455 454 512 Patres
472 452 742 528 Eminentissimi,
765 455 857 515 testis
878 474 959 532 sum,
972 459 1026 535 qui

56 548 125 607 sine
148 547 293 607 lacrimis
314 546 492 606 meminisse
514 564 632 623 nequeo
654 547 837 609 litterarum
851 593 860 622 ,
873 570 958 628 «quas
980 553 1025 612 ad

58 659 108 700 me
122 642 227 702 Pater
241 641 378 717 optimus
398 643 432 700 et
453 640 519 700 suis
539 641 666 702 collatis
688 641 921 706 immortalibus
936 647 1029 707 bene-

59 733 142 794 ficiis
165 739 219 795 ter
239 735 394 796 maximus
421 735 525 809 dedit,
551 753 684 812 qnorum
712 737 892 798 recordatio
912 741 1025 800 saltam

61 828 208 905 (quando
234 829 296 888 iam
318 829 415 890 aliter
443 847 504 889 non
526 829 620 907 licet)
642 829 857 906 gratissimum
885 832 1023 893 animum

61 922 147 982 omni
172 925 315 999 tempore
336 939 438 982 meum
459 921 608 982 habitura
629 925 689 982 est.
704 922 761 983 His
782 924 884 1001 igitur
900 926 1024 987 litteris

61 1016 95 1072 et
115 1032 212 1091 quam
234 1014 325 1074 Patri
346 1014 472 1092 Optimo
493 1014 580 1074 cordi
608 1019 693 1075 esset
713 1015 803 1076 Fidei
825 1019 1021 1096 propagatio,

62 1107 180 1179 tutela,
197 1106 335 1166 defensio
352 1107 504 1184 ,patebat3
521 1109 554 1165 et
567 1108 692 1166 constat
711 1111 862 1184 quantum
883 1112 1024 1173 consola-

62 1199 161 1259 tionis
183 1202 218 1259 et
238 1199 456 1260 delectationis
477 1199 610 1275 ceperit,
625 1200 677 1259 ubi
691 1201 821 1261 Sacrum
836 1203 1022 1268 Institutum

61 1309 151 1369 posse
173 1292 300 1354 Patavii
329 1293 500 1353 consistere
529 1279 706 1352 intellexit
726 1294 861 1371 Reliqua
879 1299 1021 1357 cura-da

60 1386 203 1462 parando
229 1389 299 1463 post
327 1390 460 1447 mortem
489 1403 576 1445 suam
604 1385 722 1461 optimo
748 1388 904 1449 Ecclesiae
936 1393 1022 1454 statu

59 1482 156 1551 orat-3
179 1497 217 1538 na
238 1483 412 1556 temporum
434 1477 646 1558 perversitate
668 1478 719 1537 vel
740 1478 946 1540 scissaeoves
967 1499 1023 1541 ve«-

62 1591 132 1632 rum
150 1574 315 1633 Pastorem
337 1571 523 1651 ignorarent
544 1588 646 1644 suum,
662 1590 722 1648 qua
736 1571 824 1634 nulla
844 1569 908 1635 alia
921 1575 1022 1637 maior

60 1670 257 1743 potestesse
278 1667 459 1740 calamitas3
481 1666 533 1725 vel
554 1664 607 1742 qui
629 1667 793 1725 Pastorem
814 1666 952 1744 deligere
967 1671 1023 1730 de·

60 1761 185 1832 barent,
209 1762 340 1837 propter
360 1759 461 1837 ipsam
471 1762 651 1835 temporum
666 1758 826 1818 miseriam
847 1763 880 1819 et
901 1763 1023 1823 acerbi-

62 1856 163 1913 tatem
185 1852 413 1930 impedirentur
433 1852 567 1930 legibns,
583 1853 746 1929 quominus
768 1852 846 1928 quod
868 1856 951 1913 esset
972 1855 1021 1918 sui

61 1947 202 2008 muneris
227 1949 260 2006 et
285 1947 419 2006 maxime
449 1948 619 2023 cuperent,
649 1947 774 2022 possent
802 1944 964 2022 perlicere.
984 1949 1020 2008 In

61 2058 155 2118 quam
177 2057 243 2099 rem
266 2038 402 2099 omnium
432 2056 582 2099 summam
604 2042 636 2098 et
658 2037 793 2098 maxime
816 2040 1020 2102 necessariam

61 2152 139 2211 quas
154 2131 383 2192 sollicitudines
405 2131 514 2192 beatus
535 2134 652 2192 Pastor
673 2131 857 2205 contulerit3
873 2150 949 2208 quos
964 2152 1021 2211 ego

60 2226 264 2287 relmaiores
277 2225 330 2284 rel
346 2224 504 2302 digniores
525 2227 635 2296 testes,
648 2240 740 2299 quam
756 2241 811 2282 vos
826 2223 922 2301 ipsos,
934 2225 1021 2286 Emi-

62 2318 240 2380 nentissimi
259 2320 383 2392 Patres,
406 2318 580 2395 appellabo,
602 2318 639 2376 ad
662 2334 738 2393 quos
760 2333 810 2376 res
828 2320 902 2378 tota
923 2318 1022 2395 perti-

61 2413 151 2473 nuiti
170 2411 228 2472 Eis
248 2414 281 2472 et
297 2411 380 2472 aliis
412 2409 693 2472 innumerabilibus
721 2397 778 2487 pro
798 2411 938 2471 Ecclesia
964 2430 1022 2476 sua

61 2505 146 2567 curis
163 2508 332 2582 occupatus
343 2522 474 2583 magnus
489 2502 622 2576 animus,
638 2521 769 2581 corpore
785 2503 925 2582 captivo,
937 2509 1019 2568 eret.

121 2601 182 2662 Sed
203 2600 257 2678 qui
282 2599 458 2660 extinctum
485 2598 655 2672 volebant,
677 2599 889 2675 querebantur
915 2616 1019 2660 secum

63 2695 122 2772 ipsi
152 2693 261 2767 taciti,
284 2691 476 2770 decrepitum
497 2693 538 2750 et
559 2691 795 2751 semimortuum
817 2691 929 2750 Senem
958 2709 1019 2750 non

62 2789 162 2849 adbuc
178 2805 300 2847 omnem
322 2785 413 2844 mori.
429 2785 566 2851 Quorum
587 2783 755 2860 impatiens
770 2783 831 2843 iam
852 2801 957 2844 morae
973 2784 1023 2843 fu-

63 2900 118 2942 ror
139 2881 192 2941 diu
213 2879 410 2941 secobibere
432 2895 492 2936 non
511 2876 625 2953 putuit.
641 2879 725 2953 Ergo
747 2894 862 2935 novum
883 2876 946 2935 iter
967 2878 1019 2936 de·

62 2974 198 3053 fatigato
219 2973 381 3050 fractoque
403 2973 515 3030 ¹vetere
546 2969 661 3029 itinere
682 2970 774 3030 beato
794 2969 868 3029 Seni
889 2971 1019 3045 parant;

63 3067 185 3144 iamque
206 3068 297 3127 Senis
324 3064 498 3127 abeundum
518 3079 585 3122 esse
613 3062 774 3122 nunciant.
799 3063 903 3138 Lupus
932 3061 1019 3138 sequi

62 3163 175 3222 Pastor
190 3161 334 3239 cogitur,
356 3175 431 3236 quos
453 3155 517 3218 iam
538 3173 599 3214 non
621 3154 711 3215 visa
731 3172 826 3232 grege
848 3153 1018 3231 depellere,

63 3257 264 3317 nonrilectero
278 3253 390 3332 piatas,
404 3269 463 3311 non
478 3249 621 3310 emollire
636 3247 866 3310 commiseratio
878 3249 1019 3325 poterut3

64 3368 154 3427 aeque
175 3349 247 3410 viae
267 3345 451 3420 committit,
464 3346 532 3422 Ipse
547 3342 722 3420 intrepidus
744 3341 861 3415 animo,
883 3341 932 3402 illi
954 3345 1022 3403 tre-

64 3442 128 3520 pidi
141 3460 180 3502 ne
194 3460 254 3501 non
277 3441 409 3502 occidat.
424 3441 483 3502 Sed
498 3453 589 3515 quem
605 3440 763 3498 statuerat
776 3439 869 3510 Deus,
883 3437 1019 3496 nondum

63 3541 132 3600 crat
145 3534 327 3597 certaminis
338 3534 420 3596 linis.
436 3532 616 3595 Exhaustus
630 3531 758 3604 Pastor,
768 3547 831 3594 ,non
843 3529 1020 3601 extinctus,

902 3633 919 3667 ἡ
