2424 4196
406 209 588 272 -107-

73 322 110 380 R.
126 319 219 382 Oinoa
239 322 350 398 questa
371 320 504 392 istanna,
520 321 610 380 basta
630 319 686 378 ohe
706 315 824 395 sappia,
840 317 898 376 ohe
918 317 981 377 Sua

24 412 138 472 Santita
159 430 218 472 non
241 413 282 474 ha
302 431 419 476 ancora
432 413 640 490 pronunciato
661 411 686 471 il
707 429 761 471 sno
784 411 910 470 solenne
932 409 987 470 de·

24 504 135 566 finitive
151 507 300 584 giudizio‚
317 511 466 586 rapporto
488 508 518 568 al
539 507 737 585 ginramanto
758 506 916 576 auddattm
931 519 982 564 ma

24 599 55 658 ha
72 601 210 662 soltanto
232 601 402 662 ammonito
416 619 434 661 e
450 602 460 661 i
482 600 568 675 lniei,
585 618 602 660 e
624 600 669 678 pli
693 597 908 671 ecelesiastici,
925 597 982 656 ohe

22 691 110 754 hanno
126 697 272 771 prestato
292 695 337 756 tal
353 695 565 772 pinamonte,
581 702 618 754 ot
633 696 806 754 consulant
820 692 982 752 cotronien-

21 789 77 846 tz'ae
96 805 177 848 suaa
198 805 270 848 eum
297 790 333 848 in
360 789 456 849 dubio
478 791 590 848 iurare
612 805 678 848 aon
702 789 808 858 licent,
833 800 917 844 come
939 782 983 843 ri·

19 878 107 940 lenaei
130 881 217 942 dalla
237 881 375 959 risposta
389 882 454 942 alla
474 881 634 959 questione
659 881 696 941 12
715 876 936 974 impressa'sra
951 877 980 937 la

20 974 149 1052 risposte
170 978 243 1036 data
257 979 298 1036 da
317 977 380 1038 Sua
402 978 529 1038 Santitt
549 978 588 1036 de
611 978 746 1038 coasilio
763 976 894 1034 selectae
908 988 981 1032 aar·

20 1068 177 1129 annalium
207 1074 471 1148 conprepatioais
500 1073 637 1131 diversis
665 1069 907 1146 quaestionibus
938 1067 982 1124 ai·
1053 1099 1058 1112 ·

20 1161 81 1222 dem
105 1162 290 1224 Sanctitate·
311 1164 395 1226 Saea
415 1168 603 1242 propositis,
629 1163 710 1224 delle
737 1161 822 1238 quali
846 1159 981 1236 risposte

20 1276 67 1334 per
88 1277 198 1321 norma
219 1279 251 1320 se
274 1279 311 1320 ne
333 1261 459 1322 aoaluda
481 1279 521 1321 un
543 1259 727 1336 asemplare.

70 1353 100 1412 2.
117 1352 213 1414 Nella
234 1355 366 1415 sananda
387 1353 508 1413 istanaa
535 1353 561 1412 si
589 1350 734 1412 dimanda
762 1349 793 1410 la
821 1346 980 1408 fissazione

20 1447 95 1506 della
116 1449 265 1509 condotta
286 1449 325 1506 da
346 1446 463 1506 tenensi
485 1445 569 1506 eirea
589 1446 634 1522 gli
653 1442 859 1504 aeclesiastici
881 1439 927 1500 rei
949 1439 981 1498 di

20 1557 135 1600 acrama.

71 1637 110 1694 R.
129 1634 247 1700 Questa
267 1634 447 1694 aondottat
469 1635 553 1693 stata
581 1634 620 1692 da
641 1634 704 1692 Sua
725 1631 851 1692 Santitt
873 1629 981 1690 fissata

21 1732 62 1788 ne'
75 1729 145 1790 suoi
159 1729 255 1789 Brevi
277 1731 323 1788 de'
336 1729 373 1789 19
388 1731 493 1788 Manno
506 1747 522 1788 e
537 1729 573 1788 13
585 1729 708 1806 Giugno
726 1726 814 1798 1792,
830 1725 879 1786 dei
894 1724 978 1802 quali

21 1841 127 1882 ancora
143 1822 167 1882 si
183 1825 312 1884 annette
329 1822 427 1904 eopia,
443 1823 521 1882 onde
536 1823 699 1895 conviene,
713 1838 767 1897 per
783 1838 841 1878 non
858 1836 978 1890 errare,

22 1915 216 1976 uniformarsi
238 1914 447 1976 interamenta
462 1935 481 1976 a
495 1916 541 1976 cio
563 1918 620 1976 ohe
642 1914 797 1992 disponeai
819 1915 868 1974 nei
883 1912 979 1974 Brevi

21 2010 164 2070 suddeiti.
183 2011 221 2069 Se
237 2027 255 2070 a
269 2009 326 2070 Dio
342 2009 466 2086 piaeera
488 2010 652 2072 restitnire
668 2012 699 2072 la
714 2029 788 2087 paee
811 2009 980 2070 all'afflitta

21 2106 124 2166 Ghiesa
146 2104 176 2164 di
199 2103 334 2164 Francia
363 2104 466 2182 (nome
494 2106 730 2166 ardentemente
753 2103 780 2164 si
803 2105 978 2181 desidera),

21 2197 49 2258 la
67 2197 195 2260 sentito
212 2199 275 2258 Sua
297 2198 322 2257 si
344 2200 421 2258 dara
443 2198 466 2257 il
498 2199 638 2276 pensiero
662 2199 691 2258 di
715 2201 922 2258 tresmettare
947 2196 979 2256 ai

22 2291 146 2352 Vesoovi
167 2291 240 2368 quel
263 2290 354 2368 piano
383 2290 415 2353 di
436 2292 651 2369 regolamento
673 2292 730 2352 ohe
752 2291 934 2368 giudiehara
955 2289 978 2350 il

22 2385 68 2462 pit
89 2389 242 2447 adattato.

76 2481 105 2540 3.
117 2480 212 2542 Nella
226 2483 314 2539 tarza
334 2477 455 2540 iatanza
476 2478 502 2537 si
524 2477 671 2538 dimanda
686 2497 730 2551 se,
747 2482 848 2538 attesa
863 2478 893 2538 le
915 2477 979 2538 lnt-

24 2573 191 2633 tuosissime
212 2573 405 2633 oiroostanze
420 2572 555 2632 rilevate
571 2572 655 2632 nella
668 2572 831 2647 memoria,
848 2591 978 2650 possano

24 2666 31 2724 i
55 2667 205 2729 acerdoti
230 2666 395 2744 approvati
421 2683 477 2742 per
497 2666 674 2726 confessare
699 2675 724 2726 e*
742 2665 977 2726 amministrare

25 2757 51 2817 in
67 2778 124 2822 nna
139 2759 273 2833 Dioren,
288 2759 465 2820 confessare
487 2777 503 2818 e
524 2759 758 2820 amministrare
780 2758 810 2818 in
835 2759 885 2818 un’
894 2758 979 2819 altra

27 2850 147 2912 Diooasi.

79 2947 115 3006 R.
145 2946 284 3007 Sabbane
305 2946 317 3004 i
338 2945 478 3006 suddetti
508 2945 665 3006 sacerdoti
695 2963 753 3004 non
785 2961 913 3022 possano
941 2945 979 3004 de

28 3036 89 3098 irae
115 3040 289 3101 confessore
317 3041 349 3100 in
371 3040 457 3101 altra
484 3039 624 3111 Dioaesi‚
648 3057 725 3116 pura
754 3035 817 3100 Sua
838 3038 976 3114 samita,

27 3131 210 3194 considerate
233 3134 262 3194 le
284 3133 484 3210 sopraddette
509 3133 698 3192 eiroostanae
721 3135 902 3192 veramente
925 3133 979 3191 da·

28 3221 184 3300 plorabili,
206 3226 237 3286 vi
260 3229 390 3286 aeoorda
418 3227 631 3303 cl'approvare
661 3226 716 3285 ohe
746 3243 785 3284 un
817 3225 979 3286 sacerdote

29 3325 188 3392 approvato
218 3338 273 3398 per
302 3337 363 3380 una
391 3320 511 3381 Dionesi
534 3336 623 3396 possa
646 3337 721 3396 pure
747 3318 923 3381 consessore
946 3320 977 3381 in

29 3410 165 3474 un'altra
185 3414 329 3488 Dionem,
357 3415 473 3491 porche
503 3431 562 3474 non
589 3412 634 3473 sia
656 3419 693 3472 nt
716 3412 862 3490 pinnato,
887 3419 923 3474 nt
946 3414 976 3472 in

30 3503 231 3583 qualrivoglia
252 3509 339 3566 modo
361 3509 510 3568 aderente
532 3507 596 3566 allo
613 3507 736 3568 scisma.
