2488 4204
443 197 601 258 -ro-
689 268 695 281 x

480 361 555 422 ¹1.

301 490 476 534 cussussnro
496 490 590 535 usuro
610 491 747 535 ransom

390 635 662 697 AUGUSTO

227 795 372 873 Magnae
392 793 597 856 Britanniae
616 795 716 872 Repo
736 794 825 858 Filio

326 969 445 1050 PIUS
472 970 611 1050 ΡΑΡΑ
639 968 706 1046 VI.

242 1157 429 1217 Ouisstms
442 1158 623 1230 Princeps,
637 1159 803 1218 sautem.

95 1344 166 1411 Quo
187 1341 341 1420 temporis
369 1346 528 1402 momento
556 1343 645 1422 regia
665 1343 824 1406 Gelsitudo
854 1350 911 1404 tus
931 1361 1006 1421 pro-

38 1437 122 1496 ximo
146 1435 256 1496 abhoc
278 1436 354 1496 urbo
374 1436 561 1509 discessura,
583 1439 648 1499 Nos
661 1437 741 1498 odiit
761 1436 853 1498 offloii
866 1440 900 1498 st
913 1435 1007 1499 urbs·
1058 1433 1059 1436 ’

39 1530 153 1592 uitatis
173 1547 286 1602 osusu,
309 1548 371 1589 nou
393 1547 455 1590 uus
481 1531 606 1608 quidem
628 1530 705 1592 fouit
728 1531 826 1593 Nobis
847 1529 1006 1609 siguiflos-

40 1625 141 1684 tionss
162 1622 261 1683 studii
281 1626 316 1683 st
329 1623 578 1697 benevolentias,
593 1642 685 1701 quom
706 1625 811 1687 animo
823 1627 1004 1701 oouoeptum

40 1736 115 1795 orgu
136 1717 287 1777 diisotum
309 1715 409 1777 tilium
430 1717 578 1780 Oarolum
592 1719 730 1779 Erskius
744 1718 853 1778 fovere
867 1735 900 1778 ss
914 1735 1007 1794 pros·

41 1810 173 1870 terebat.
190 1811 276 1870 Haeo
290 1825 385 1885 porro
399 1814 464 1870 tum
486 1815 585 1884 serto,
600 1815 635 1871 ot
651 1815 714 1873 tom
736 1811 845 1890 gravis
865 1811 1007 1873 dsolsrs·

47 1906 90 1964 tio
108 1905 208 1966 animi
229 1905 279 1965 sui
300 1903 332 1964 in
354 1922 448 1966 osuss
468 1904 541 1978 fuit,
563 1923 619 1967 our
638 1905 700 1983 ipsi
722 1905 755 1966 in
776 1905 932 1967 mandatis
955 1907 1009 1966 du·

49 2015 144 2060 remus
158 2015 192 2058 ss
213 1998 296 2060 istuo
317 1997 469 2075 privatim
484 1998 677 2073 conferendi,
694 2003 730 2060 ut
750 1999 879 2062 Nostris
900 2000 1006 2060 vorbis

46 2093 163 2168 gratias
175 2109 270 2168 quum
284 2091 437 2152 maximas
458 2096 570 2170 ageret
583 2098 716 2171 augusto
730 2095 856 2172 parenti
872 2097 928 2154 tuo
941 2095 1008 2154 Ms-

46 2203 120 2262 guuo
147 2185 335 2248 Britanniae
361 2186 431 2263 rogi
452 2185 590 2258 illustri,
625 2191 720 2265 utque
748 2191 880 2249 eundem
907 2188 1005 2250 otium

45 2284 135 2356 atquo
156 2280 254 2341 stiam
276 2284 417 2357 rogaret,
441 2298 479 2339 ue
501 2280 567 2341 ullo
589 2299 732 2358 umquam
755 2285 897 2360 tompore
925 2281 1008 2343 desit

45 2392 126 2434 suam
148 2375 375 2435 auctoritatem
396 2374 595 2452 impendero,
617 2393 767 2454 suumque
792 2377 1005 2455 patrocinium

45 2486 78 2528 so
97 2467 233 2528 tutelam
255 2465 428 2528 desiderari
449 2467 535 2528 siout
547 2467 579 2527 in
594 2467 634 2528 iis
647 2469 743 2529 robus
756 2469 910 2544 omnibus,
926 2487 1006 2547 quas

46 2560 163 2635 possint
183 2562 241 2621 aut
261 2559 486 2620 ostholioorum
508 2560 651 2622 rationes
670 2561 840 2640 rospioors,
862 2566 1009 2642 outopo·

48 2654 170 2715 stolioos
191 2653 282 2715 Sedis
302 2655 467 2716 iuteresse.
484 2654 558 2716 Siue
579 2656 703 2734 itaque,
728 2662 764 2717 ut
784 2657 845 2719 tibi
866 2658 1007 2720 dioomos

49 2762 85 2805 ox
103 2748 218 2820 auimo,
232 2749 271 2808 od
291 2747 525 2815 Gslsitudiusm
539 2751 626 2809 tuom
647 2751 835 2827 praesertim
850 2757 1005 2830 spsoturo‚

51 2855 114 2898 oum
140 2841 248 2919 gratia
272 2841 439 2918 prosequi,
461 2844 495 2901 st
515 2842 601 2901 omni
627 2843 731 2904 studio
761 2845 894 2918 iovem
915 2862 1007 2922 quom

52 2932 139 2994 Nobis
160 2936 198 2994 ds
219 2933 350 2994 meliors
371 2937 447 2995 uoto
459 2937 694 2998 commendasti.
711 2937 841 2998 Minimo
863 2937 1006 3014 equidem

52 3024 240 3101 dubitamus,
263 3026 337 3104 quiu
369 3029 453 3088 votis
484 3029 611 3091 Nostris
630 3029 738 3091 favero
769 3047 893 3108 quoquo
913 3030 1006 3090 modo

53 3119 143 3194 rolin
166 3119 198 3180 id
219 3120 302 3181 enim
324 3138 451 3199 sperare
471 3124 535 3185 Nos
555 3122 644 3184 iubet
664 3124 844 3186 humanitus
872 3123 931 3184 illo
951 3126 1007 3186 tua

55 3210 226 3290 singularis,
249 3218 283 3275 st
304 3214 441 3276 studium
462 3216 496 3276 in
515 3217 580 3278 Nos
594 3220 696 3291 tuum,
708 3219 787 3294 quod
802 3217 899 3280 Nobis
919 3220 1008 3293 pato-

55 3303 161 3380 isoisti,
182 3310 324 3386 quodque
346 3315 438 3387 grato
460 3327 582 3386 semper
601 3309 718 3381 auimo,
741 3313 774 3370 st
794 3309 945 3370 memoris
959 3328 1007 3370 oo
1118 3331 1119 3334 ¹

57 3395 145 3460 lomus
166 3402 367 3479 sempiterna.
384 3404 449 3464 Hau
471 3419 524 3479 sps
545 3401 634 3476 freti,
657 3403 743 3462 aliud
765 3403 879 3463 addsrs
900 3421 1009 3480 super·

58 3506 215 3554 vacaneum
236 3497 396 3573 putamus,
410 3499 444 3554 st
458 3495 496 3555 sb
511 3495 647 3555 omnium
662 3495 813 3556 bonorum
828 3500 957 3557 auotoro
970 3513 1007 3555 uo

146 3615 203 3668 Vol.
221 3617 267 3668 H.
331 3658 333 3662 .
882 3623 918 3716 ‘4
