2430 4202
19 359 114 402 cnoro
126 343 168 404 ab
188 343 337 404 universa
357 343 515 417 Ecclesia,
540 343 591 405 cni
609 343 753 404 scandalo
767 342 829 405 luit
844 344 973 422 pusilla·
1041 405 1044 412 ,

18 437 140 498 nimitas
159 451 239 499 mea.

74 531 311 594 Oardinalilinm
334 533 475 611 galerum
502 533 703 608 renuntiavi,
728 551 850 595 morum
879 534 972 594 illum

17 624 158 685 aularum
179 628 247 687 Iesu
268 626 388 688 christi
410 627 560 705 sanguine
583 627 737 701 tinctum,
761 628 813 705 qui
828 646 877 687 me
898 629 971 688 dum

16 723 139 796 praeben
158 737 247 779 omne
269 720 417 780 meritum
439 719 617 794 decoraret,
633 723 759 780 strenue
782 738 903 797 quoquc
918 737 973 780 ex-

15 811 131 874 citabat
150 814 187 873 ad
210 817 358 874 luendam
379 814 536 875 Ecclesiae
566 814 702 892 gloriam
725 833 820 892 nsque
843 815 880 874 ad
902 831 971 874 san·

15 908 114 984 guinis
135 909 325 970 effusionem.
343 909 436 970 Illum
451 911 648 983 renunciavi,
665 915 701 971 ιιι
715 910 835 971 carceri
848 913 883 971 el
905 909 972 969 exi-

14 1000 53 1060 lio
72 1018 124 1060 rue
144 1002 363 1075 subducerem,
385 1019 462 1079 quae
483 1001 561 1062 mihi
582 1002 747 1062 imminere
769 1003 967 1075 dicebantur,
1022 1001 1026 1008 '

14 1094 43 1154 ni
64 1108 184 1155 sacram
205 1095 383 1172 Purpuram
407 1094 574 1155 exuissem.
598 1096 769 1172 Equidem,
794 1113 863 1156 cam
889 1096 971 1154 indi·

15 1200 105 1264 gnum
127 1189 220 1249 hocce
241 1187 405 1249 consilinm
421 1191 601 1266 suggestum
620 1192 682 1264 esi,
698 1190 791 1268 gravi
806 1192 969 1266 correptus

14 1282 117 1341 morbo
137 1282 375 1355 decumbebam,
391 1284 425 1341 ct
445 1281 537 1358 gravi
565 1281 666 1342 aelati
688 1282 855 1343 coniuncta
881 1282 971 1341 indr-

14 1374 102 1434 milas
125 1375 288 1434 horrorem
310 1373 486 1435 cumulavit
507 1393 525 1435 a
545 1393 604 1451 qno
625 1373 768 1451 proditus
781 1375 837 1435 lui:
855 1379 889 1435 ab
903 1374 970 1452 pali

14 1467 114 1544 polius
133 1467 304 1527 debuissem
326 1470 364 1528 ιιι
384 1486 404 1528 a
423 1467 541 1528 lectulo
562 1467 736 1545 abriperer,
755 1468 836 1528 utin
851 1467 969 1527 itinere

13 1560 109 1620 vllam
130 1560 334 1633 conficerem,
357 1559 462 1619 omnia
489 1559 566 1620 mihi
588 1560 692 1638 polius
713 1562 965 1633 ferendunam,

14 1673 98 1731 qnam
126 1654 321 1732 propositum
342 1654 430 1731 sequi
456 1653 638 1726 consilium,
661 1673 722 1732 quo
748 1655 870 1732 aliquot
890 1654 969 1714 alios

14 1765 130 1810 menses
151 1751 309 1808 mercatus
322 1747 369 1808 ini
384 1748 471 1809 vilae
490 1747 638 1821 infelicis,
654 1748 742 1808 cuius
765 1767 845 1808 nunc
866 1748 968 1807 immi-

15 1847 63 1903 net
90 1842 176 1902 finis.
201 1843 286 1901 Bone
311 1843 411 1912 Deus,
440 1857 497 1899 cur
525 1857 584 1899 non
612 1841 801 1916 tempestive
829 1841 968 1901 delatum

14 1936 83 1996 mihi
101 1937 150 1994 cst
164 1951 345 2011 responsum
359 1932 480 1993 Summi
495 1932 676 1992 Pontificisl
691 1934 772 1994 Illud
790 1935 878 1994 Petri
892 1933 969 1993 scri·

15 2033 95 2104 plum
111 2026 342 2105 pusillanimem
357 2026 490 2086 fratrem
505 2029 579 2086 aule
593 2026 714 2103 lapsum
734 2026 967 2101 confirmassel3

14 2123 85 2197 quod
114 2120 274 2180 redditum
302 2122 410 2197 poslca
438 2121 504 2179 iam
532 2119 642 2179 acerbe
674 2117 741 2180 eiua
767 2120 903 2180 animum
925 2120 970 2180 la-

14 2213 144 2275 cerarii.

66 2309 236 2368 Prolcslor
257 2306 399 2366 omnibus
419 2304 684 2366 Eminenlissimis
704 2306 844 2366 Dominis
864 2305 971 2367 Cardi-

13 2399 147 2471 nalibus,
169 2415 245 2475 quos
266 2397 339 2457 olim
363 2397 410 2457 uli
432 2396 548 2457 fraires
563 2398 678 2457 habere
699 2398 796 2458 honos
817 2398 894 2457 mihi
909 2397 971 2460 fuit

12 2490 80 2570 (heu
102 2492 216 2570 dignus
236 2510 297 2552 non
313 2490 423 2570 eram):
437 2491 778 2569 protestoruniversae
791 2492 968 2566 Ecclesiae,

12 2591 41 2648 el
59 2591 183 2650 Romae
204 2584 369 2664 imprimis,
385 2585 566 2646 erubescere
588 2603 637 2645 me
658 2587 696 2646 de
717 2603 786 2646 mea
807 2587 971 2663 pusillani-

12 2680 147 2752 milale,
174 2679 253 2739 hanc
281 2695 330 2736 me
358 2677 540 2752 deflevisse,
566 2682 599 2739 el
624 2678 654 2736 in
681 2680 740 2739 hac
768 2678 864 2739 eiiam
893 2681 971 2741 hora

13 2789 116 2834 amere
139 2769 264 2829 deflere.
281 2768 399 2831 Norint
419 2773 525 2831 aulem
546 2771 704 2844 universi,
724 2773 804 2851 qnod
825 2771 852 2831 si
873 2773 972 2832 hono·

12 2882 71 2925 rem
96 2861 324 2926 (lardinaliliae
346 2862 531 2940 dignitas,
546 2877 680 2924 comme
693 2863 866 2926 carcerbet.
873 2865 970 2924 exilio

14 2957 180 3018 obnoxium
201 2957 367 3029 redderet,
390 2956 551 3030 abdicavi,
577 2960 612 3017 et
636 2956 663 3016 si
685 2974 848 3017 aerumnas
874 2959 969 3033 alque

11 3051 162 3112 itinerum
184 3048 345 3126 pericula,
360 3066 438 3126 quae
460 3049 516 3108 alii
546 3047 765 3126 gloriosissimi
787 3047 968 3109 Oardinales

11 3142 338 3223 passisunl,·minimc
360 3141 568 3220 participavi,
590 3141 674 3201 ercli
695 3144 799 3204 tamen
823 3141 856 3200 in
878 3142 967 3202 domo

11 3255 75 3301 msa
88 3237 229 3299 carceris
243 3251 373 3313 poenam
384 3235 486 3312 ipsum
502 3252 550 3294 mc
562 3235 639 3294 mihi
652 3235 820 3313 irrogasse.
838 3235 969 3295 Valclu·

11 3332 79 3392 dine
94 3331 230 3408 urgente
245 3371 253 3402 ,
269 3331 416 3405 ulqueut
430 3326 502 3387 aliis
516 3326 756 3402 acquiescerem,
771 3344 829 3404 per
839 3315 968 3406 'aliquod

11 3429 133 3503 tempus
144 3423 265 3484 caelum
278 3421 411 3494 mutavi3
423 3423 534 3497 postea
545 3437 621 3480 vero
634 3438 682 3479 mc
694 3420 832 3480 omnium
844 3438 968 3499 conspe-

12 3518 75 3578 clui
95 3515 259 3588 subirem
276 3519 416 3587 conatus,
439 3513 465 3572 si
486 3511 557 3573 fieri
571 3512 743 3589 potuisset,
765 3513 825 3591 ipsi
837 3515 905 3575 »soli
921 3532 970 3574 me
