2430 4202
625 185 803 245 -254-

233 290 391 352 occulere:
408 294 442 351 et
456 291 481 350 si
496 289 594 352 animi
616 291 678 350 mei
702 292 910 352 abiectionem
927 311 986 354 uon
1001 296 1122 354 tantum
1142 294 1185 352 de·

232 385 319 457 flevi,
336 388 488 462 quantum
499 384 615 444 Petrus
638 385 837 462 negationem
860 403 970 458 auem,
992 384 1069 445 illud
1092 389 1185 446 tamen

233 477 393 555 exoptavi.
410 479 545 556 Mortem
560 478 659 556 ipsam
673 479 706 538 in
722 479 902 542 voluntario
918 497 987 540 meo
1006 496 1129 539 carcere
1144 496 1187 538 ex·

235 572 317 649 cipio
339 573 387 632 uti
410 590 539 650 poenam
567 589 654 632 meae
675 573 802 650 eulpae:
823 577 856 632 et
877 575 974 646 tuuc,
996 572 1024 632 ei
1044 572 1091 634 ita
1112 571 1186 648 loqui

234 665 281 726 fas
302 669 360 738 est,
377 666 410 726 iu
430 666 536 727 altera
557 665 626 725 vita
646 666 845 727 beatissimus
861 685 914 727 ero
927 666 1186 744 (quandoquidem

235 777 275 820 ex
296 758 422 820 infinita
442 758 498 820 Dei
520 759 754 834 misericordia,
777 762 811 820 et
832 760 957 820 meritis
984 761 1056 820 Iesu
1077 758 1186 820 Christi

234 855 396 916 aeternam
417 853 549 931 gloriam
572 858 687 931 spero),
708 872 778 913 cum
801 872 920 913 novero
939 854 1051 930 culpae
1076 851 1186 912 veniam

234 949 340 1007 datam
361 947 393 1006 in
415 947 512 1008 terris
533 947 611 1007 mihi
633 947 741 1008 fuisse.
762 947 894 1008 Interim
916 947 1095 1009 carissimos
1115 961 1184 1004 meos

234 1039 478 1116 consanguineos
497 1056 620 1117 precor,
637 1042 673 1100 ut
693 1041 748 1101 hos
768 1045 928 1101 extremos
942 1041 1042 1102 animi
1056 1040 1186 1100 moisen·

137 1133 144 1152 ⁸
234 1148 286 1217 sus
300 1130 387 1208 typis
398 1131 559 1208 evulgem,
573 1135 668 1208 atque
682 1135 719 1192 ad
732 1133 1025 1198 Eminentissimum
1037 1131 1184 1193 Dominum

233 1227 432 1287 Cardinclem
447 1227 561 1289 Albani
573 1227 706 1289 mittant
716 1227 797 1288 sacri
809 1227 942 1305 collegii
956 1230 1126 1288 Deoauum.
1139 1225 1184 1284 Hie

233 1339 314 1381 novo
329 1322 457 1381 Summo
472 1320 621 1380 Pontifici
642 1339 692 1381 eos
707 1321 834 1395 offerat,
846 1321 938 1382 illius
957 1321 1055 1397 pedes
1077 1319 1183 1378 nomine

233 1432 301 1474 meo
322 1414 494 1487 osculetur,
517 1413 691 1491 plenariam
713 1417 843 1491 expetat
868 1413 989 1490 peccati
1013 1412 1077 1472 mei
1098 1410 1184 1472 indul·

233 1505 390 1584 gentiam:
413 1524 578 1584 omnesque
600 1506 849 1568 Eminentissimi
869 1505 994 1566 Domini
1017 1503 1184 1568 cardinales

233 1598 370 1676 quietem
385 1603 417 1658 et
432 1616 537 1676 pacem
552 1617 666 1677 quaeso
679 1598 800 1660 animae
815 1616 901 1659 meae
916 1600 1184 1675 precantumque

234 1691 261 1750 ei
281 1710 318 1752 eo
340 1693 523 1754 abiectiouis
549 1695 696 1767 devenit,
720 1700 755 1754 ot
783 1711 902 1755 sacram
930 1692 1122 1770 dignitatem
1145 1707 1183 1749 re·

234 1786 410 1860 nunciaret,
430 1789 480 1849 cui
494 1805 533 1848 ex
547 1806 652 1848 eorum
669 1789 845 1849 constantia
860 1790 985 1848 tantum
1008 1789 1130 1848 decoris
1144 1803 1183 1845 ac·

233 1879 328 1953 cedit,
350 1898 470 1957 semper
493 1883 596 1941 tamen
622 1883 697 1955 Deo,
712 1880 859 1958 religioni
880 1884 913 1939 et
927 1879 1088 1940 Ecclesiae
1108 1877 1202 1938 lidan}

233 1972 392 2047 servavit,
409 1977 502 2050 atque
523 1972 555 2032 in
576 1972 682 2033 osculo
702 1972 852 2035 Oruoifixi
874 1991 893 2035 a
914 1973 1031 2032 mundo
1054 1971 1181 2034 discedit.

809 2067 843 2126 V.
863 2065 909 2126 M.
923 2065 1063 2128 Altieri.

554 2213 874 2380 Puoiiisrn

423 2462 474 2521 DI
506 2459 766 2520 TOMMASO
807 2461 1001 2523 altrici

475 2585 534 2644 cni
551 2597 740 2645 ommam
756 2597 793 2643 m
808 2598 834 2644 e.
845 2601 876 2646 a.
888 2598 915 2647 o.
932 2596 978 2660 (lii

701 2720 723 2762 Δ

332 2826 418 2907 ΡΙο
445 2827 530 2906 vu.
553 2825 836 2953 nonnarum
870 2829 1100 2910 Missum

389 2986 595 3046 Beatissimo
617 2985 725 3046 Padi-e

290 3092 480 3166 Rinunziai,
506 3092 606 3153 Padre
629 3093 747 3167 Sento,
770 3093 802 3156 la
822 3094 946 3173 dignita
966 3093 1175 3164 nundinaticia,
1198 3171 1199 3174 Ἴ

232 3203 250 3243 e
270 3187 302 3246 la
324 3185 387 3246 mia
408 3185 552 3247 riuuuzia
571 3185 605 3244 fu
626 3186 765 3248 assoluta
785 3191 981 3265 eperpetua.
1004 3191 1057 3250 Mo
1070 3187 1176 3248 chiamo

231 3277 288 3338 Dio
310 3277 343 3338 iu
366 3278 545 3340 testimonio
574 3281 630 3338 che
659 3280 723 3341 tale
744 3281 809 3340 mia
828 3280 971 3342 rinunaia
992 3282 1025 3341 fu
1048 3283 1104 3342 beu
1124 3281 1178 3340 lon·

294 3408 333 3460 (1)
349 3409 407 3455 vid.
419 3422 487 3467 supr.
499 3422 557 3468 pag.
570 3410 624 3456 174.
641 3410 803 3469 apostolicas
824 3411 948 3470 Litterae,
967 3414 1058 3473 quibua
1078 3413 1136 3460 Pina
1151 3409 1176 3454 Vl

233 3483 288 3532 aius
305 3481 489 3534 abdicationem
504 3497 518 3533 e
535 3483 699 3534 oudluaiutu
711 3485 821 3536 admisit.
