2424 4196
408 235 446 250 ..
468 205 505 264 81
529 235 567 250 .-

29 313 208 372 revocandam
222 315 258 371 ct
270 309 550 371 constabiliendum
566 311 597 371 in
610 309 785 371 Galliarum
801 327 899 388 regno
914 330 968 374 oa-

31 405 152 464 tholicam
174 405 372 482 religionem,
395 402 497 464 veluti
519 406 583 466 Nos
604 404 747 464 futorum
768 406 965 480 confidimus,

30 518 81 558 com
95 503 226 560 vestrum
248 503 382 576 uterque
402 498 507 574 palam
522 497 712 574 profiteatur
729 517 762 560 se
777 499 858 558 nihil
870 499 969 559 omis-

29 613 112 654 surum
132 616 236 657 eorum
251 615 310 674 per
330 615 409 674 qnae
430 596 560 673 possitis
581 596 613 655 in
637 602 779 658 vestrum
795 597 968 676 gloriosum

27 689 161 766 inceptum
181 689 596 751 celestembenedictionem
617 709 758 751 evocare.
780 693 845 752 Hoc
866 692 967 770 ipsum

24 787 51 840 nt
69 785 137 855 fiat,
157 787 290 847 Nostrae
312 785 410 844 etiam
427 787 491 843 Deo
513 783 631 860 optimo
653 786 790 846 maximo
811 785 969 845 adhibebi-

22 893 78 936 mus
91 895 202 954 preces,
215 883 249 938 et
264 877 395 938 interim
411 877 484 948 tibi,
500 878 662 954 praedicto
684 878 870 951 marchioni,
887 882 920 938 et
933 878 970 937 fi-

24 971 127 1029 delibus
139 971 326 1030 Britanniae
341 971 498 1030 universis
509 971 711 1048 apostolicam
724 971 969 1031 benedictionem

23 1070 204 1139 peramanter
226 1066 438 1142 impertimur.

69 1161 177 1218 Datum
192 1161 323 1231 Romae,
336 1160 388 1218 die
399 1161 490 1220 XXV
501 1158 640 1219 Ianuarii
656 1159 970 1233 MDGOXOIV,Pon·

21 1252 142 1312 tilectus
162 1254 272 1313 Nostri
294 1271 375 1314 anno
396 1255 468 1314 XX.

417 1408 550 1465 ull.

189 1534 353 1580 caarasnco
366 1535 401 1576 na
415 1535 546 1578 cnnrsro
560 1533 643 1577 nunno
656 1533 778 1578 troanno

142 1653 349 1715 LUDOVIGO
381 1652 612 1713 STANiSLAO
643 1651 830 1713 XAVERIO

319 1793 439 1854 Comiti
459 1795 658 1856 Provinciae

212 1939 385 2020 PIUS
440 1939 633 2016 PAPA
686 1937 758 2016 VI.

55 2109 285 2170 Dilectissimo
306 2109 345 2166 in
366 2109 505 2167 christo
525 2109 595 2166 Fili
616 2109 756 2178 noster,
777 2107 931 2166 salutem
1003 2183 1006 2192 ι

177 2208 213 2262 et
233 2204 470 2274 Apostolioam
497 2204 794 2262 Benedictlonem.

65 2357 205 2416 Litteras
226 2357 310 2416 Tuas
332 2355 382 2414 die
398 2355 436 2414 15
450 2354 604 2414 februarii
627 2354 716 2415 datas
730 2373 800 2414 cum
823 2356 973 2416 redderet

17 2448 98 2510 Nobis
119 2453 199 2512 Ven.
223 2451 341 2512 Frater
361 2452 476 2511 Noster
497 2449 675 2511 Oardinslis
697 2450 733 2509 de
754 2450 887 2524 Bernis,
910 2468 974 2511 una

19 2543 100 2604 etiam
120 2545 280 2622 exposuit,
303 2562 382 2622 quae
404 2543 435 2602 in
456 2543 496 2602 iis
510 2544 714 2604 continentur
728 2545 890 2621 postulata
904 2547 972 2618 tua,

20 2637 129 2716 suisque
141 2639 249 2698 eadem
262 2638 312 2696 est
323 2637 435 2697 studiis
448 2643 641 2714 prosecutus.
655 2639 793 2698 Maxime
807 2639 973 2698 molestum

18 2729 99 2792 Nobis
118 2731 234 2792 accidit
254 2731 341 2790 Tuae
362 2731 430 2790 eius
451 2731 618 2809 petitionis
639 2735 879 2808 argumentum,
904 2733 976 2809 plu-

20 2822 88 2884 rima
105 2827 192 2884 certe
214 2823 484 2883 commiseratione
505 2822 740 2900 dignissimum,
757 2825 910 2885 eiusmodi
926 2828 974 2884 ta-

22 2931 89 2992 men,
98 2925 134 2980 ut
145 2919 197 2980 vel
212 2937 283 2979 eum
295 2917 431 2978 maxime
443 2919 521 2978 illud
534 2919 566 2978 in
576 2920 641 2980 Nos
655 2918 812 2995 suscipere
825 2917 974 2989 velimus,

21 3013 162 3074 sustinere
176 3018 281 3073 tamen
296 3030 357 3070 non
372 3012 543 3072 valeamus.
561 3012 699 3072 Tutiam
716 3012 880 3072 Gallorum
896 3008 976 3068 emi-

20 3112 170 3178 gratorum
193 3107 295 3168 millio
309 3105 342 3165 in
359 3105 538 3166 universam
554 3107 634 3166 hano
649 3104 809 3166 Ditionem
822 3105 974 3168 Nostram

19 3206 134 3278 recepta
156 3204 242 3273 sunt,
266 3202 302 3260 ut
323 3201 452 3260 eandem
474 3199 566 3276 plene
588 3203 813 3277 praegravent,
843 3197 976 3273 repletis

21 3296 167 3370 omnibus,
196 3314 275 3372 quae
304 3312 434 3372 usquam
462 3293 601 3355 inveniri
629 3296 779 3373 poterant
807 3289 974 3368 hospitiis,

20 3385 123 3466 virque
145 3389 383 3461 sufficientibus,
406 3389 594 3466 praesertim
613 3389 645 3448 in
668 3388 762 3448 huius
781 3385 856 3446 anni
878 3403 977 3462 penu-

19 3479 60 3542 ria
77 3487 116 3544 ad
137 3484 255 3546 incolas
277 3485 500 3546 sustentandas
522 3483 626 3546 victus
647 3481 757 3560 copiis.
773 3482 821 3545 Ne
843 3481 899 3540 hoa
914 3479 977 3556 igi-

103 3633 159 3682 Vol.
178 3635 222 3685 II.
869 3634 885 3680 6
