2430 4202
240 297 319 360 1796
341 297 379 358 13
399 295 522 373 Aprilis
535 327 550 344 ·
561 294 706 376 Mirifice
719 299 936 375 confirmasti.
949 301 1119 360 ludovico

338 393 517 452 cardinali
531 395 575 452 de
596 397 718 453 Rchan
735 394 1119 466 Episcopomsntots·

337 487 441 546 tensi
454 487 534 545 Eum
545 488 756 560 commendat,
772 489 854 563 qnod
870 488 1049 566 exemplum
1062 488 1123 565 epi·

337 578 439 640 stolae
461 577 499 638 ad
521 578 641 639 clerum
663 583 753 641 trans
779 581 926 642 Rhenum
955 580 1125 658 mittendae

338 675 377 734 ad
398 673 547 732 Sanctam
569 675 681 734 Sedem
702 674 931 749 transmiserit,
947 679 985 736 ut
998 677 1126 753 Aposto-

338 766 418 827 licac
438 766 615 827 (lathedrae
636 766 752 828 iudicio
773 768 915 829 subiecta
936 770 976 829 ad
992 769 1127 830 ciusdem

339 879 462 921 sensum
484 860 673 921 conformari
695 862 787 938 plane
809 865 926 939 posset.
942 863 1043 922 Addit
1057 881 1127 922 ncn-

339 954 428 1014 nulla
448 954 480 1013 in
500 955 608 1014 eadem
630 953 763 1032 reperiri
787 953 971 1016 distinctius
985 959 1020 1016 ct
1038 973 1126 1016 accu-

339 1049 441 1110 ratius
462 1048 658 1125 explicanda,
681 1048 833 1110 videlicet
853 1050 891 1110 dc
912 1050 1034 1110 Hostiis
1058 1065 1126 1110 con-

338 1142 469 1204 secratis
490 1160 509 1201 a
523 1141 730 1202 schismaticis
743 1172 757 1188 ·
770 1144 807 1202 de
823 1142 1037 1204 matrimoniis
1050 1142 1125 1202 cele-

337 1237 438 1298 bratis
459 1251 564 1295 coram
585 1235 746 1296 intrusis·
759 1237 797 1295 de
818 1235 921 1296 civico
947 1235 1122 1296 iuramento

336 1331 368 1390 in
390 1332 472 1391 bona
492 1329 553 1388 dda
574 1328 758 1406 praestito·
771 1328 808 1389 dc
829 1329 1013 1390 iuramento
1037 1330 1124 1391 liber-

338 1424 417 1486 tatis
437 1425 471 1483 et
492 1422 697 1499 aequalitatis
710 1456 726 1470 -
739 1425 778 1482 dc
806 1424 967 1500 emptione
994 1428 1030 1484 et
1056 1441 1123 1484 ven·

238 1531 240 1536 ’
338 1516 457 1578 ditione
471 1516 625 1576 bonorum
644 1516 931 1578 ecclesiasticorum
948 1529 973 1576 .·
1003 1562 1012 1577 .
1045 1533 1119 1594 pop.
1139 1513 1180 1572 121

338 1612 354 1671 1
376 1609 458 1671 Iunii
474 1641 484 1655 ·
498 1609 686 1669 Plurimum
707 1615 797 1670 sane.
825 1612 1017 1672 Francisoo
1045 1615 1122 1670 Whe-

336 1724 414 1768 rese
441 1709 614 1768 Panlssct.
636 1709 713 1768 Eius
734 1706 996 1768 retractationem
1024 1707 1121 1784 pluri-

336 1819 422 1862 mum
434 1801 642 1861 commendat.
655 1802 839 1862 Facultates
850 1800 1045 1862 necessarias
1057 1818 1121 1860 con·

337 1896 424 1956 cedit
444 1913 501 1972 pro
522 1894 611 1954 illius
631 1895 842 1968 absolutione,
862 1913 925 1972 qua
945 1899 1054 1956 tamen
1074 1894 1122 1954 ob·

335 1992 438 2062 tenta,
456 2006 527 2047 eum
542 1989 643 2048 adhuc
663 2006 847 2066 suspensum
867 1987 1013 2050 declarat
1037 2007 1120 2050 acu·

337 2082 518 2159 luscumque
539 2081 667 2141 Ordinis
681 2081 844 2141 exercitio.
858 2083 905 2141 Ad
921 2099 1122 2158 perseveran-

336 2178 415 2239 tiam
436 2178 597 2249 hortatur,
620 2175 809 2236 dehortatur
831 2193 907 2236 vero
928 2192 948 2235 a
968 2177 1120 2252 proposito
1198 2217 1199 2232 ,

338 2275 469 2332 Romam
487 2268 635 2330 veniendi
677 2312 1065 2330 ........
1104 2285 1119 2327 a
1137 2262 1177 2322 uc
1198 2233 1199 2307 1

336 2363 582 2427 lIunii-Grctro
595 2372 767 2425 renovato.
778 2367 936 2435 Angusto
950 2365 1120 2434 Episcopo

337 2461 506 2532 spirensi.
540 2456 741 2519 Facultatcm
769 2457 914 2518 concedit
939 2454 1118 2518 absolvendi
1197 2455 1198 2543 l

337 2551 494 2614 Aloisium
514 2553 687 2614 Linderum
708 2554 746 2613 ad
761 2569 867 2612 sacros
882 2550 1012 2612 ordines
1025 2552 1065 2611 ab
1078 2551 1121 2611 ln·

337 2651 428 2712 truso
435 2646 588 2724 Episcopo
600 2648 790 2723 promotum.
799 2648 843 2706 De
855 2644 1027 2707 validitate
1039 2661 1121 2723 prae·
1196 2691 1197 2708 2

337 2740 494 2801 dictarum
514 2738 748 2799 ordinationum
764 2756 825 2797 non
840 2753 927 2814 posse
943 2736 1122 2814 pronuncia·
1196 2720 1197 2780 1

338 2833 388 2908 ri,
419 2833 479 2894 nisi
507 2831 592 2892 facta
612 2831 724 2892 melius
746 2829 958 2892 innotescant.
982 2831 1017 2892 Id
1038 2833 1121 2892 curet

275 2913 278 2918 ¹
339 2927 520 3005 Episcopus,
543 2923 680 2985 Lindero
701 2923 831 2984 interim
853 2939 1002 3000 suspenso
1016 2925 1057 2984 ab
1070 2925 1121 2985 On·

338 3022 446 3082 diuum
467 3018 622 3080 exercitio
624 3060 1008 3078 ........
1057 3059 1066 3077 .
1103 3010 1174 3076 »lat

336 3114 655 3177 blulii-Pastorulis
667 3112 864 3174 sollicitudo.
874 3111 1027 3175 Omnibus
1038 3111 1120 3174 Ghri·

336 3208 526 3270 stifldelibus
552 3206 724 3268 Catholicis
762 3204 1031 3266 communionem*
1057 3220 1118 3266 cun
1194 3179 1195 3253 1

337 3304 416 3364 Sede
437 3299 621 3379 Apostolica
642 3299 831 3360 habentibus
852 3297 883 3359 in
906 3297 1023 3361 Galliis
1044 3313 1120 3358 oom-
1193 3355 1194 3364 ,

336 3395 544 3457 morantibus.
556 3397 600 3455 Dc
611 3412 687 3471 pace
701 3394 870 3467 servanda,
884 3411 921 3454 ac
936 3392 1046 3454 debita
1056 3409 1119 3453 oon·

340 3491 463 3553 stitutis
486 3491 696 3570 potestatibus
716 3489 911 3551 subiectione
948 3534 956 3548 .
1001 3533 1009 3549 .
1054 3533 1064 3550 .
1101 3479 1193 3556 »itt
