<?xml version="1.0" encoding="UTF-8"?>
<!DOCTYPE html PUBLIC "-//W3C//DTD XHTML 1.0 Transitional//EN"
    "http://www.w3.org/TR/xhtml1/DTD/xhtml1-transitional.dtd">
<html xmlns="http://www.w3.org/1999/xhtml" xml:lang="en" lang="en">
 <head>
  <title>
</title>
<meta http-equiv="Content-Type" content="text/html;charset=utf-8" />
  <meta name='ocr-system' content='tesseract 3.04.00' />
  <meta name='ocr-capabilities' content='ocr_page ocr_carea ocr_par ocr_line ocrx_word'/>
</head>
<body>
  <div class='ocr_page' id='page_1' title='image "./piivipontmaxact01piusgoog_0169.png"; bbox 0 0 2506 4198; ppageno 0'>
   <div class='ocr_carea' id='block_1_1' title="bbox 443 220 621 280">
    <p class='ocr_par' dir='ltr' id='par_1_1' title="bbox 443 220 621 280">
     <span class='ocr_line' id='line_1_1' title="bbox 443 220 621 280; baseline 0.006 -2"><span class='ocrx_word' id='word_1_1' title='bbox 443 220 621 280; x_wconf 80' lang='lat'>-161-</span> 
     </span>
    </p>
   </div>
   <div class='ocr_carea' id='block_1_2' title="bbox 40 325 1078 3577">
    <p class='ocr_par' dir='ltr' id='par_1_2' title="bbox 41 325 1009 592">
     <span class='ocr_line' id='line_1_2' title="bbox 41 325 1007 404; baseline 0.009 -22"><span class='ocrx_word' id='word_1_2' title='bbox 41 325 185 387; x_wconf 82' lang='lat' dir='ltr'><strong>in-lccis</strong></span> <span class='ocrx_word' id='word_1_3' title='bbox 201 325 292 388; x_wconf 84' lang='lat' dir='ltr'><strong>valde</strong></span> <span class='ocrx_word' id='word_1_4' title='bbox 314 325 455 398; x_wconf 90' lang='lat' dir='ltr'><strong>remotis,</strong></span> <span class='ocrx_word' id='word_1_5' title='bbox 477 325 598 404; x_wconf 77' lang='lat' dir='ltr'>possint</span> <span class='ocrx_word' id='word_1_6' title='bbox 626 326 813 404; x_wconf 81' lang='lat' dir='ltr'><strong>tempestive</strong></span> <span class='ocrx_word' id='word_1_7' title='bbox 840 331 1007 404; x_wconf 70' lang='lat' dir='ltr'><strong>advenirer</strong></span> 
     </span>
     <span class='ocr_line' id='line_1_3' title="bbox 42 419 1009 498; baseline 0.009 -20"><span class='ocrx_word' id='word_1_8' title='bbox 42 421 77 478; x_wconf 82' lang='lat' dir='ltr'><strong>&#39;et</strong></span> <span class='ocrx_word' id='word_1_9' title='bbox 96 437 158 482; x_wconf 88' lang='lat' dir='ltr'><strong>nnn</strong></span> <span class='ocrx_word' id='word_1_10' title='bbox 184 419 332 481; x_wconf 84' lang='lat' dir='ltr'><strong>videatur</strong></span> <span class='ocrx_word' id='word_1_11' title='bbox 354 420 405 480; x_wconf 88' lang='lat' dir='ltr'><strong>vel</strong></span> <span class='ocrx_word' id='word_1_12' title='bbox 428 421 520 482; x_wconf 89' lang='lat' dir='ltr'><strong>nimis</strong></span> <span class='ocrx_word' id='word_1_13' title='bbox 542 437 674 498; x_wconf 79' lang='lat' dir='ltr'><strong>propere</strong></span> <span class='ocrx_word' id='word_1_14' title='bbox 695 425 752 482; x_wconf 78' lang='lat' dir='ltr'><strong>anit</strong></span> <span class='ocrx_word' id='word_1_15' title='bbox 773 421 864 482; x_wconf 87' lang='lat' dir='ltr'><strong>nimis</strong></span> <span class='ocrx_word' id='word_1_16' title='bbox 887 442 1009 491; x_wconf 82' lang='lat' dir='ltr'><strong>moroso</strong></span> 
     </span>
     <span class='ocr_line' id='line_1_4' title="bbox 42 511 958 592; baseline -0.004 -14"><span class='ocrx_word' id='word_1_17' title='bbox 42 518 148 578; x_wconf 67' lang='lat' dir='ltr'><strong>acaum</strong></span> <span class='ocrx_word' id='word_1_18' title='bbox 173 513 271 574; x_wconf 82' lang='lat' dir='ltr'><strong>fuisse</strong></span> <span class='ocrx_word' id='word_1_19' title='bbox 293 513 323 572; x_wconf 91' lang='lat' dir='ltr'><strong>in</strong></span> <span class='ocrx_word' id='word_1_20' title='bbox 347 517 524 592; x_wconf 77' lang='lat' dir='ltr'><strong>peragenda</strong></span> <span class='ocrx_word' id='word_1_21' title='bbox 545 533 580 574; x_wconf 91' lang='lat' dir='ltr'><strong>re</strong></span> <span class='ocrx_word' id='word_1_22' title='bbox 602 516 685 575; x_wconf 91' lang='lat' dir='ltr'><strong>tanti</strong></span> <span class='ocrx_word' id='word_1_23' title='bbox 707 517 869 578; x_wconf 82' lang='lat' dir='ltr'><strong>momenti.</strong></span> <span class='ocrx_word' id='word_1_24' title='bbox 956 511 958 514; x_wconf 74' lang='grc'><strong>’</strong></span> 
     </span>
    </p>

    <p class='ocr_par' dir='ltr' id='par_1_3' title="bbox 40 607 1026 1620">
     <span class='ocr_line' id='line_1_5' title="bbox 101 607 1011 685; baseline 0.004 -18"><span class='ocrx_word' id='word_1_25' title='bbox 101 607 189 672; x_wconf 89' lang='lat' dir='ltr'><strong>Illud</strong></span> <span class='ocrx_word' id='word_1_26' title='bbox 201 610 308 668; x_wconf 88' lang='lat' dir='ltr'><strong>autem</strong></span> <span class='ocrx_word' id='word_1_27' title='bbox 319 607 424 668; x_wconf 90' lang='lat' dir='ltr'><strong>decem</strong></span> <span class='ocrx_word' id='word_1_28' title='bbox 437 607 558 670; x_wconf 87' lang='lat' dir='ltr'><strong>dierum</strong></span> <span class='ocrx_word' id='word_1_29' title='bbox 571 612 694 685; x_wconf 86' lang='lat' dir='ltr'><strong>tempus</strong></span> <span class='ocrx_word' id='word_1_30' title='bbox 709 628 769 668; x_wconf 90' lang='lat' dir='ltr'><strong>non</strong></span> <span class='ocrx_word' id='word_1_31' title='bbox 784 610 883 672; x_wconf 89' lang='lat' dir='ltr'><strong>otiose</strong></span> <span class='ocrx_word' id='word_1_32' title='bbox 896 612 1011 674; x_wconf 86' lang='lat' dir='ltr'><strong>transi·</strong></span> 
     </span>
     <span class='ocr_line' id='line_1_6' title="bbox 42 701 1011 777; baseline 0.008 -15"><span class='ocrx_word' id='word_1_33' title='bbox 42 705 150 776; x_wconf 77' lang='lat' dir='ltr'><strong>gatar,</strong></span> <span class='ocrx_word' id='word_1_34' title='bbox 174 701 321 777; x_wconf 89' lang='lat' dir='ltr'><strong>quoniam</strong></span> <span class='ocrx_word' id='word_1_35' title='bbox 343 703 444 764; x_wconf 86' lang='lat' dir='ltr'><strong>multa</strong></span> <span class='ocrx_word' id='word_1_36' title='bbox 470 722 506 766; x_wconf 89' lang='lat' dir='ltr'><strong>eo</strong></span> <span class='ocrx_word' id='word_1_37' title='bbox 528 704 653 764; x_wconf 88' lang='lat' dir='ltr'><strong>labente</strong></span> <span class='ocrx_word' id='word_1_38' title='bbox 674 723 693 766; x_wconf 90' lang='lat' dir='ltr'><strong>a</strong></span> <span class='ocrx_word' id='word_1_39' title='bbox 716 704 937 767; x_wconf 81' lang='lat' dir='ltr'><strong>Cardinalibus</strong></span> <span class='ocrx_word' id='word_1_40' title='bbox 963 707 1011 770; x_wconf 83' lang='lat' dir='ltr'><strong>fa·</strong></span> 
     </span>
     <span class='ocr_line' id='line_1_7' title="bbox 42 795 1026 867; baseline 0.007 -14"><span class='ocrx_word' id='word_1_41' title='bbox 42 795 153 855; x_wconf 87' lang='lat' dir='ltr'><strong>cienda</strong></span> <span class='ocrx_word' id='word_1_42' title='bbox 168 796 261 867; x_wconf 81' lang='lat' dir='ltr'><strong>sunt3</strong></span> <span class='ocrx_word' id='word_1_43' title='bbox 275 795 423 854; x_wconf 84' lang='lat' dir='ltr'><strong>videlicet</strong></span> <span class='ocrx_word' id='word_1_44' title='bbox 445 796 529 856; x_wconf 89' lang='lat' dir='ltr'><strong>iusta</strong></span> <span class='ocrx_word' id='word_1_45' title='bbox 544 795 688 857; x_wconf 82' lang='lat' dir='ltr'><strong>funebria</strong></span> <span class='ocrx_word' id='word_1_46' title='bbox 703 798 847 857; x_wconf 84' lang='lat' dir='ltr'><strong>defuncto</strong></span> <span class='ocrx_word' id='word_1_47' title='bbox 862 799 1026 864; x_wconf 71' lang='lat' dir='ltr'><strong>Pontifici,</strong></span> 
     </span>
     <span class='ocr_line' id='line_1_8' title="bbox 40 889 1010 970; baseline 0.004 -22"><span class='ocrx_word' id='word_1_48' title='bbox 40 889 185 966; x_wconf 87' lang='lat' dir='ltr'><strong>qnotidie</strong></span> <span class='ocrx_word' id='word_1_49' title='bbox 201 889 395 964; x_wconf 84' lang='lat' dir='ltr'><strong>persolvere,</strong></span> <span class='ocrx_word' id='word_1_50' title='bbox 411 891 539 967; x_wconf 76' lang='lat' dir='ltr'><strong>regendi</strong></span> <span class='ocrx_word' id='word_1_51' title='bbox 555 891 665 952; x_wconf 88' lang='lat' dir='ltr'><strong>Status</strong></span> <span class='ocrx_word' id='word_1_52' title='bbox 681 891 764 952; x_wconf 86' lang='lat' dir='ltr'><strong>ferre</strong></span> <span class='ocrx_word' id='word_1_53' title='bbox 780 910 869 965; x_wconf 90' lang='lat' dir='ltr'><strong>onus,</strong></span> <span class='ocrx_word' id='word_1_54' title='bbox 886 893 1010 970; x_wconf 88' lang='lat' dir='ltr'><strong>aliaque</strong></span> 
     </span>
     <span class='ocr_line' id='line_1_9' title="bbox 41 985 1011 1063; baseline 0.002 -19"><span class='ocrx_word' id='word_1_55' title='bbox 41 985 156 1062; x_wconf 87' lang='lat' dir='ltr'><strong>exequi</strong></span> <span class='ocrx_word' id='word_1_56' title='bbox 180 987 276 1061; x_wconf 91' lang='lat' dir='ltr'><strong>prout</strong></span> <span class='ocrx_word' id='word_1_57' title='bbox 296 989 429 1044; x_wconf 88' lang='lat' dir='ltr'><strong>cavetur</strong></span> <span class='ocrx_word' id='word_1_58' title='bbox 450 986 481 1046; x_wconf 93' lang='lat' dir='ltr'><strong>in</strong></span> <span class='ocrx_word' id='word_1_59' title='bbox 504 987 674 1063; x_wconf 90' lang='lat' dir='ltr'><strong>praedictis</strong></span> <span class='ocrx_word' id='word_1_60' title='bbox 688 987 879 1063; x_wconf 83' lang='lat' dir='ltr'><strong>Apostolicis</strong></span> <span class='ocrx_word' id='word_1_61' title='bbox 894 988 1011 1048; x_wconf 90' lang='lat' dir='ltr'><strong>consti-</strong></span> 
     </span>
     <span class='ocr_line' id='line_1_10' title="bbox 42 1079 1010 1155; baseline 0.003 -17"><span class='ocrx_word' id='word_1_62' title='bbox 42 1079 245 1150; x_wconf 86' lang='lat' dir='ltr'><strong>tutionibus;</strong></span> <span class='ocrx_word' id='word_1_63' title='bbox 260 1095 392 1155; x_wconf 84' lang='lat' dir='ltr'><strong>quarum</strong></span> <span class='ocrx_word' id='word_1_64' title='bbox 407 1079 437 1140; x_wconf 83' lang='lat' dir='ltr'><strong>vi</strong></span> <span class='ocrx_word' id='word_1_65' title='bbox 462 1084 496 1139; x_wconf 85' lang='lat' dir='ltr'><strong>et</strong></span> <span class='ocrx_word' id='word_1_66' title='bbox 516 1080 703 1141; x_wconf 75' lang='lat' dir='ltr'>auctoritati</span> <span class='ocrx_word' id='word_1_67' title='bbox 718 1080 799 1140; x_wconf 86' lang='lat' dir='ltr'>nihil</span> <span class='ocrx_word' id='word_1_68' title='bbox 814 1081 1010 1142; x_wconf 80' lang='lat' dir='ltr'><strong>detrahimus</strong></span> 
     </span>
     <span class='ocr_line' id='line_1_11' title="bbox 42 1171 1011 1248; baseline 0.003 -18"><span class='ocrx_word' id='word_1_69' title='bbox 42 1172 130 1232; x_wconf 90' lang='lat' dir='ltr'><strong>hisce</strong></span> <span class='ocrx_word' id='word_1_70' title='bbox 152 1171 282 1230; x_wconf 72' lang='lat' dir='ltr'><strong>Nostris</strong></span> <span class='ocrx_word' id='word_1_71' title='bbox 305 1171 445 1245; x_wconf 81' lang='lat' dir='ltr'><strong>litteris3</strong></span> <span class='ocrx_word' id='word_1_72' title='bbox 468 1173 540 1248; x_wconf 93' lang='lat' dir='ltr'><strong>quin</strong></span> <span class='ocrx_word' id='word_1_73' title='bbox 557 1175 678 1233; x_wconf 88' lang='lat' dir='ltr'><strong>easdem</strong></span> <span class='ocrx_word' id='word_1_74' title='bbox 695 1172 727 1231; x_wconf 92' lang='lat' dir='ltr'><strong>in</strong></span> <span class='ocrx_word' id='word_1_75' title='bbox 743 1190 797 1231; x_wconf 88' lang='lat' dir='ltr'><strong>suo</strong></span> <span class='ocrx_word' id='word_1_76' title='bbox 814 1173 923 1232; x_wconf 89' lang='lat' dir='ltr'><strong>robore</strong></span> <span class='ocrx_word' id='word_1_77' title='bbox 937 1191 1011 1233; x_wconf 80' lang='lat' dir='ltr'><strong>con-</strong></span> 
     </span>
     <span class='ocr_line' id='line_1_12' title="bbox 42 1263 1010 1343; baseline 0.005 -20"><span class='ocrx_word' id='word_1_78' title='bbox 42 1265 220 1335; x_wconf 85' lang='lat' dir='ltr'><strong>firmamus,</strong></span> <span class='ocrx_word' id='word_1_79' title='bbox 243 1263 299 1324; x_wconf 93' lang='lat' dir='ltr'><strong>illo</strong></span> <span class='ocrx_word' id='word_1_80' title='bbox 320 1268 444 1329; x_wconf 87' lang='lat' dir='ltr'><strong>tantum</strong></span> <span class='ocrx_word' id='word_1_81' title='bbox 466 1270 596 1343; x_wconf 84' lang='lat' dir='ltr'><strong>excepto</strong></span> <span class='ocrx_word' id='word_1_82' title='bbox 617 1269 696 1343; x_wconf 92' lang='lat' dir='ltr'><strong>quod</strong></span> <span class='ocrx_word' id='word_1_83' title='bbox 712 1265 855 1343; x_wconf 85' lang='lat' dir='ltr'><strong>superius</strong></span> <span class='ocrx_word' id='word_1_84' title='bbox 869 1268 1010 1328; x_wconf 88' lang='lat' dir='ltr'><strong>declara-</strong></span> 
     </span>
     <span class='ocr_line' id='line_1_13' title="bbox 43 1357 1009 1437; baseline 0.003 -21"><span class='ocrx_word' id='word_1_85' title='bbox 43 1360 160 1428; x_wconf 86' lang='lat' dir='ltr'><strong>vimus,</strong></span> <span class='ocrx_word' id='word_1_86' title='bbox 182 1374 251 1416; x_wconf 84' lang='lat' dir='ltr'><strong>cum</strong></span> <span class='ocrx_word' id='word_1_87' title='bbox 273 1357 394 1418; x_wconf 88' lang='lat' dir='ltr'><strong>scilicet</strong></span> <span class='ocrx_word' id='word_1_88' title='bbox 416 1358 446 1418; x_wconf 91' lang='lat' dir='ltr'><strong>id</strong></span> <span class='ocrx_word' id='word_1_89' title='bbox 468 1359 578 1436; x_wconf 78' lang='lat' dir='ltr'><strong>exiget</strong></span> <span class='ocrx_word' id='word_1_90' title='bbox 597 1359 813 1420; x_wconf 85' lang='lat' dir='ltr'><strong>infelicissima</strong></span> <span class='ocrx_word' id='word_1_91' title='bbox 835 1365 1009 1437; x_wconf 87' lang='lat' dir='ltr'><strong>temporum</strong></span> 
     </span>
     <span class='ocr_line' id='line_1_14' title="bbox 43 1451 1009 1529; baseline 0.009 -19"><span class='ocrx_word' id='word_1_92' title='bbox 43 1451 200 1522; x_wconf 91' lang='lat' dir='ltr'><strong>conditio,</strong></span> <span class='ocrx_word' id='word_1_93' title='bbox 223 1454 257 1509; x_wconf 88' lang='lat' dir='ltr'><strong>et</strong></span> <span class='ocrx_word' id='word_1_94' title='bbox 277 1451 634 1529; x_wconf 78' lang='lat' dir='ltr'><strong>incolumitascorporis</strong></span> <span class='ocrx_word' id='word_1_95' title='bbox 649 1453 809 1526; x_wconf 90' lang='lat' dir='ltr'><strong>catholici,</strong></span> <span class='ocrx_word' id='word_1_96' title='bbox 825 1471 903 1529; x_wconf 89' lang='lat' dir='ltr'><strong>quae</strong></span> <span class='ocrx_word' id='word_1_97' title='bbox 918 1455 1009 1519; x_wconf 74' lang='lat' dir='ltr'><strong>aOa·</strong></span> 
     </span>
     <span class='ocr_line' id='line_1_15' title="bbox 43 1544 816 1620; baseline 0.006 -18"><span class='ocrx_word' id='word_1_98' title='bbox 43 1545 109 1620; x_wconf 88' lang='lat' dir='ltr'><strong>pite</strong></span> <span class='ocrx_word' id='word_1_99' title='bbox 133 1544 300 1620; x_wconf 80' lang='lat' dir='ltr'><strong>praecipue</strong></span> <span class='ocrx_word' id='word_1_100' title='bbox 322 1544 353 1602; x_wconf 93' lang='lat' dir='ltr'><strong>in</strong></span> <span class='ocrx_word' id='word_1_101' title='bbox 375 1545 438 1604; x_wconf 93' lang='lat' dir='ltr'><strong>alia</strong></span> <span class='ocrx_word' id='word_1_102' title='bbox 460 1547 598 1608; x_wconf 88' lang='lat' dir='ltr'><strong>membra</strong></span> <span class='ocrx_word' id='word_1_103' title='bbox 620 1547 816 1608; x_wconf 78' lang='lat' dir='ltr'><strong>diffunditur.</strong></span> 
     </span>
    </p>

    <p class='ocr_par' dir='ltr' id='par_1_4' title="bbox 43 1636 1078 3577">
     <span class='ocr_line' id='line_1_16' title="bbox 102 1636 1008 1714; baseline 0.002 -16"><span class='ocrx_word' id='word_1_104' title='bbox 102 1637 214 1698; x_wconf 89' lang='lat' dir='ltr'><strong>Novas</strong></span> <span class='ocrx_word' id='word_1_105' title='bbox 226 1636 277 1694; x_wconf 81' lang='lat' dir='ltr'><strong>bic</strong></span> <span class='ocrx_word' id='word_1_106' title='bbox 288 1636 374 1714; x_wconf 85' lang='lat' dir='ltr'><strong>leges</strong></span> <span class='ocrx_word' id='word_1_107' title='bbox 386 1656 445 1695; x_wconf 93' lang='lat' dir='ltr'><strong>non</strong></span> <span class='ocrx_word' id='word_1_108' title='bbox 460 1637 609 1712; x_wconf 78' lang='lat' dir='ltr'><strong>ierimus3</strong></span> <span class='ocrx_word' id='word_1_109' title='bbox 623 1657 732 1699; x_wconf 88' lang='lat' dir='ltr'><strong>verum</strong></span> <span class='ocrx_word' id='word_1_110' title='bbox 745 1637 911 1699; x_wconf 85' lang='lat' dir='ltr'><strong>nonnullas</strong></span> <span class='ocrx_word' id='word_1_111' title='bbox 922 1639 1008 1700; x_wconf 91' lang='lat' dir='ltr'><strong>inter</strong></span> 
     </span>
     <span class='ocr_line' id='line_1_17' title="bbox 43 1729 1008 1808; baseline 0.006 -20"><span class='ocrx_word' id='word_1_112' title='bbox 43 1749 95 1790; x_wconf 89' lang='lat' dir='ltr'><strong>eas</strong></span> <span class='ocrx_word' id='word_1_113' title='bbox 110 1748 192 1807; x_wconf 90' lang='lat' dir='ltr'><strong>quae</strong></span> <span class='ocrx_word' id='word_1_114' title='bbox 208 1729 269 1788; x_wconf 87' lang='lat' dir='ltr'><strong>iam</strong></span> <span class='ocrx_word' id='word_1_115' title='bbox 286 1730 370 1789; x_wconf 88' lang='lat' dir='ltr'><strong>latae</strong></span> <span class='ocrx_word' id='word_1_116' title='bbox 385 1735 469 1804; x_wconf 91' lang='lat' dir='ltr'><strong>sunt,</strong></span> <span class='ocrx_word' id='word_1_117' title='bbox 487 1736 519 1790; x_wconf 88' lang='lat' dir='ltr'><strong>et</strong></span> <span class='ocrx_word' id='word_1_118' title='bbox 530 1749 611 1808; x_wconf 79' lang='lat' dir='ltr'><strong>&#39;quae</strong></span> <span class='ocrx_word' id='word_1_119' title='bbox 626 1733 716 1791; x_wconf 85' lang='lat' dir='ltr'><strong>novis</strong></span> <span class='ocrx_word' id='word_1_120' title='bbox 731 1733 827 1791; x_wconf 90' lang='lat' dir='ltr'><strong>certis</strong></span> <span class='ocrx_word' id='word_1_121' title='bbox 842 1733 1008 1794; x_wconf 85' lang='lat' dir='ltr'><strong>eventibus</strong></span> 
     </span>
     <span class='ocr_line' id='line_1_18' title="bbox 46 1825 1010 1905; baseline 0.008 -25"><span class='ocrx_word' id='word_1_122' title='bbox 46 1844 105 1884; x_wconf 92' lang='lat' dir='ltr'><strong>non</strong></span> <span class='ocrx_word' id='word_1_123' title='bbox 129 1825 370 1900; x_wconf 85' lang='lat' dir='ltr'><strong>responderent,</strong></span> <span class='ocrx_word' id='word_1_124' title='bbox 392 1829 427 1884; x_wconf 91' lang='lat' dir='ltr'><strong>et</strong></span> <span class='ocrx_word' id='word_1_125' title='bbox 446 1829 520 1902; x_wconf 91' lang='lat' dir='ltr'><strong>qnin</strong></span> <span class='ocrx_word' id='word_1_126' title='bbox 536 1827 567 1885; x_wconf 93' lang='lat' dir='ltr'><strong>in</strong></span> <span class='ocrx_word' id='word_1_127' title='bbox 590 1826 675 1885; x_wconf 84' lang='lat' dir='ltr'><strong>hisce</strong></span> <span class='ocrx_word' id='word_1_128' title='bbox 690 1826 811 1886; x_wconf 89' lang='lat' dir='ltr'><strong>casibus</strong></span> <span class='ocrx_word' id='word_1_129' title='bbox 826 1828 1010 1905; x_wconf 86' lang='lat' dir='ltr'><strong>prodessent</strong></span> 
     </span>
     <span class='ocr_line' id='line_1_19' title="bbox 45 1917 1011 1996; baseline 0.008 -22"><span class='ocrx_word' id='word_1_130' title='bbox 45 1917 193 1978; x_wconf 88' lang='lat' dir='ltr'><strong>electioni</strong></span> <span class='ocrx_word' id='word_1_131' title='bbox 209 1917 393 1991; x_wconf 84' lang='lat' dir='ltr'><strong>Pontificis,</strong></span> <span class='ocrx_word' id='word_1_132' title='bbox 408 1919 481 1978; x_wconf 93' lang='lat' dir='ltr'><strong>huic</strong></span> <span class='ocrx_word' id='word_1_133' title='bbox 495 1919 716 1996; x_wconf 90' lang='lat' dir='ltr'><strong>impedimento</strong></span> <span class='ocrx_word' id='word_1_134' title='bbox 732 1919 847 1992; x_wconf 86' lang='lat' dir='ltr'><strong>forent,</strong></span> <span class='ocrx_word' id='word_1_135' title='bbox 865 1937 923 1978; x_wconf 93' lang='lat' dir='ltr'><strong>non</strong></span> <span class='ocrx_word' id='word_1_136' title='bbox 938 1921 1011 1982; x_wconf 85' lang='lat' dir='ltr'><strong>aba·</strong></span> 
     </span>
     <span class='ocr_line' id='line_1_20' title="bbox 46 2010 1010 2090; baseline 0.001 -18"><span class='ocrx_word' id='word_1_137' title='bbox 46 2012 145 2072; x_wconf 86' lang='lat' dir='ltr'><strong>lemns</strong></span> <span class='ocrx_word' id='word_1_138' title='bbox 166 2010 292 2087; x_wconf 91' lang='lat' dir='ltr'><strong>quidem</strong></span> <span class='ocrx_word' id='word_1_139' title='bbox 308 2013 358 2074; x_wconf 90' lang='lat' dir='ltr'><strong>sed</strong></span> <span class='ocrx_word' id='word_1_140' title='bbox 375 2029 426 2072; x_wconf 90' lang='lat' dir='ltr'><strong>eas</strong></span> <span class='ocrx_word' id='word_1_141' title='bbox 441 2017 650 2090; x_wconf 89' lang='lat' dir='ltr'><strong>temperamus</strong></span> <span class='ocrx_word' id='word_1_142' title='bbox 676 2012 851 2090; x_wconf 82' lang='lat' dir='ltr'><strong>tantisper,</strong></span> <span class='ocrx_word' id='word_1_143' title='bbox 874 2031 910 2074; x_wconf 87' lang='lat' dir='ltr'><strong>ac</strong></span> <span class='ocrx_word' id='word_1_144' title='bbox 931 2017 1010 2073; x_wconf 90' lang='lat' dir='ltr'><strong>tem·</strong></span> 
     </span>
     <span class='ocr_line' id='line_1_21' title="bbox 46 2106 1010 2184; baseline 0.003 -19"><span class='ocrx_word' id='word_1_145' title='bbox 46 2124 167 2182; x_wconf 90' lang='lat' dir='ltr'><strong>porum,</strong></span> <span class='ocrx_word' id='word_1_146' title='bbox 191 2123 268 2181; x_wconf 90' lang='lat' dir='ltr'><strong>quae</strong></span> <span class='ocrx_word' id='word_1_147' title='bbox 290 2107 494 2182; x_wconf 89' lang='lat' dir='ltr'><strong>supervenire</strong></span> <span class='ocrx_word' id='word_1_148' title='bbox 515 2111 658 2184; x_wconf 73' lang='lat' dir='ltr'><strong>possunt,</strong></span> <span class='ocrx_word' id='word_1_149' title='bbox 673 2106 905 2168; x_wconf 90' lang='lat' dir='ltr'><strong>conditionibus</strong></span> <span class='ocrx_word' id='word_1_150' title='bbox 920 2110 1010 2184; x_wconf 88' lang='lat' dir='ltr'><strong>apta-</strong></span> 
     </span>
     <span class='ocr_line' id='line_1_22' title="bbox 46 2198 1008 2280; baseline 0.002 -24"><span class='ocrx_word' id='word_1_151' title='bbox 46 2217 129 2272; x_wconf 84' lang='lat' dir='ltr'><strong>mus,</strong></span> <span class='ocrx_word' id='word_1_152' title='bbox 161 2198 383 2278; x_wconf 83' lang='lat' dir='ltr'><strong>permittentes</strong></span> <span class='ocrx_word' id='word_1_153' title='bbox 404 2203 439 2258; x_wconf 92' lang='lat' dir='ltr'><strong>et</strong></span> <span class='ocrx_word' id='word_1_154' title='bbox 459 2203 663 2262; x_wconf 86' lang='lat' dir='ltr'><strong>concedentes</strong></span> <span class='ocrx_word' id='word_1_155' title='bbox 685 2218 740 2277; x_wconf 91' lang='lat' dir='ltr'><strong>per</strong></span> <span class='ocrx_word' id='word_1_156' title='bbox 762 2201 840 2261; x_wconf 89' lang='lat' dir='ltr'><strong>hauc</strong></span> <span class='ocrx_word' id='word_1_157' title='bbox 860 2201 1008 2280; x_wconf 86' lang='lat' dir='ltr'><strong>Nostram</strong></span> 
     </span>
     <span class='ocr_line' id='line_1_23' title="bbox 46 2291 1078 2372; baseline 0.002 -22"><span class='ocrx_word' id='word_1_158' title='bbox 46 2291 303 2356; x_wconf 89' lang='lat' dir='ltr'><strong>constitutionem</strong></span> <span class='ocrx_word' id='word_1_159' title='bbox 319 2292 537 2352; x_wconf 81' lang='lat' dir='ltr'><strong>Cardinalibus</strong></span> <span class='ocrx_word' id='word_1_160' title='bbox 552 2293 585 2352; x_wconf 87' lang='lat' dir='ltr'><strong>S.</strong></span> <span class='ocrx_word' id='word_1_161' title='bbox 602 2295 639 2353; x_wconf 84' lang='grc' dir='ltr'><strong>Ε.</strong></span> <span class='ocrx_word' id='word_1_162' title='bbox 655 2297 693 2356; x_wconf 88' lang='lat' dir='ltr'><strong>R.</strong></span> <span class='ocrx_word' id='word_1_163' title='bbox 711 2298 775 2353; x_wconf 91' lang='lat' dir='ltr'><strong>tam</strong></span> <span class='ocrx_word' id='word_1_164' title='bbox 790 2294 1007 2372; x_wconf 88' lang='lat' dir='ltr'><strong>praesentibus</strong></span> <span class='ocrx_word' id='word_1_165' title='bbox 1076 2338 1078 2343; x_wconf 84' lang='lat'>.</span> 
     </span>
     <span class='ocr_line' id='line_1_24' title="bbox 47 2384 1008 2470; baseline 0.001 -26"><span class='ocrx_word' id='word_1_166' title='bbox 47 2403 139 2461; x_wconf 89' lang='lat' dir='ltr'><strong>quam</strong></span> <span class='ocrx_word' id='word_1_167' title='bbox 156 2384 292 2464; x_wconf 66' lang='lat' dir='ltr'><strong>tuturis,</strong></span> <span class='ocrx_word' id='word_1_168' title='bbox 316 2400 352 2444; x_wconf 81' lang='lat' dir='ltr'><strong>ut</strong></span> <span class='ocrx_word' id='word_1_169' title='bbox 371 2386 494 2462; x_wconf 88' lang='lat' dir='ltr'><strong>quoties</strong></span> <span class='ocrx_word' id='word_1_170' title='bbox 516 2386 642 2448; x_wconf 83' lang='lat' dir='ltr'><strong>vacabit</strong></span> <span class='ocrx_word' id='word_1_171' title='bbox 655 2387 838 2464; x_wconf 89' lang='lat' dir='ltr'><strong>Apostolica</strong></span> <span class='ocrx_word' id='word_1_172' title='bbox 851 2388 958 2470; x_wconf 84' lang='lat' dir='ltr'><strong>Sedes,</strong></span> <span class='ocrx_word' id='word_1_173' title='bbox 973 2404 1008 2447; x_wconf 96' lang='lat' dir='ltr'><strong>ac</strong></span> 
     </span>
     <span class='ocr_line' id='line_1_25' title="bbox 45 2476 1007 2560; baseline 0.002 -24"><span class='ocrx_word' id='word_1_174' title='bbox 45 2477 165 2542; x_wconf 78' lang='lat' dir='ltr'><strong>liberae</strong></span> <span class='ocrx_word' id='word_1_175' title='bbox 187 2476 351 2539; x_wconf 78' lang='lat' dir='ltr'><strong>Pontificis</strong></span> <span class='ocrx_word' id='word_1_176' title='bbox 371 2477 518 2538; x_wconf 90' lang='lat' dir='ltr'><strong>electioni</strong></span> <span class='ocrx_word' id='word_1_177' title='bbox 541 2497 577 2538; x_wconf 87' lang='lat' dir='ltr'><strong>ca</strong></span> <span class='ocrx_word' id='word_1_178' title='bbox 591 2479 759 2540; x_wconf 90' lang='lat' dir='ltr'><strong>obstabunt</strong></span> <span class='ocrx_word' id='word_1_179' title='bbox 773 2481 1007 2560; x_wconf 88' lang='lat' dir='ltr'><strong>impedimenta,</strong></span> 
     </span>
     <span class='ocr_line' id='line_1_26' title="bbox 46 2569 1008 2650; baseline -0.001 -19"><span class='ocrx_word' id='word_1_180' title='bbox 46 2589 122 2646; x_wconf 88' lang='lat' dir='ltr'><strong>quae</strong></span> <span class='ocrx_word' id='word_1_181' title='bbox 142 2569 240 2631; x_wconf 89' lang='lat' dir='ltr'><strong>Nobis</strong></span> <span class='ocrx_word' id='word_1_182' title='bbox 265 2570 403 2632; x_wconf 89' lang='lat' dir='ltr'><strong>indicata</strong></span> <span class='ocrx_word' id='word_1_183' title='bbox 417 2575 492 2633; x_wconf 91' lang='lat' dir='ltr'><strong>sunt</strong></span> <span class='ocrx_word' id='word_1_184' title='bbox 512 2590 536 2632; x_wconf 85' lang='lat' dir='ltr'><strong>a</strong></span> <span class='ocrx_word' id='word_1_185' title='bbox 559 2574 716 2650; x_wconf 79' lang='lat' dir='ltr'><strong>praesenti</strong></span> <span class='ocrx_word' id='word_1_186' title='bbox 741 2573 924 2635; x_wconf 86' lang='lat' dir='ltr'><strong>difficillima</strong></span> <span class='ocrx_word' id='word_1_187' title='bbox 937 2590 1008 2634; x_wconf 92' lang='lat' dir='ltr'><strong>con-</strong></span> 
     </span>
     <span class='ocr_line' id='line_1_27' title="bbox 47 2662 1007 2749; baseline 0.006 -29"><span class='ocrx_word' id='word_1_188' title='bbox 47 2663 166 2722; x_wconf 87' lang='lat' dir='ltr'><strong>ditione</strong></span> <span class='ocrx_word' id='word_1_189' title='bbox 188 2662 383 2739; x_wconf 90' lang='lat' dir='ltr'><strong>publicarum</strong></span> <span class='ocrx_word' id='word_1_190' title='bbox 400 2681 518 2736; x_wconf 88' lang='lat' dir='ltr'><strong>rerum,</strong></span> <span class='ocrx_word' id='word_1_191' title='bbox 534 2666 648 2742; x_wconf 88' lang='lat' dir='ltr'><strong>absque</strong></span> <span class='ocrx_word' id='word_1_192' title='bbox 664 2666 731 2749; x_wconf 87' lang='lat' dir='ltr'><strong>ulla</strong></span> <span class='ocrx_word' id='word_1_193' title='bbox 746 2668 939 2728; x_wconf 79' lang='lat' dir='ltr'><strong>dubitatione</strong></span> <span class='ocrx_word' id='word_1_194' title='bbox 955 2667 1007 2726; x_wconf 84' lang='lat' dir='ltr'><strong>vel</strong></span> 
     </span>
     <span class='ocr_line' id='line_1_28' title="bbox 47 2755 1007 2820; baseline 0.004 -6"><span class='ocrx_word' id='word_1_195' title='bbox 47 2755 214 2815; x_wconf 80' lang='lat' dir='ltr'><strong>formidine</strong></span> <span class='ocrx_word' id='word_1_196' title='bbox 242 2755 412 2815; x_wconf 84' lang='lat' dir='ltr'><strong>arbitrium</strong></span> <span class='ocrx_word' id='word_1_197' title='bbox 434 2775 521 2816; x_wconf 92' lang='lat' dir='ltr'><strong>suum</strong></span> <span class='ocrx_word' id='word_1_198' title='bbox 544 2761 716 2819; x_wconf 85' lang='lat' dir='ltr'><strong>extendant</strong></span> <span class='ocrx_word' id='word_1_199' title='bbox 738 2762 774 2820; x_wconf 85' lang='lat' dir='ltr'><strong>ad</strong></span> <span class='ocrx_word' id='word_1_200' title='bbox 798 2760 1007 2819; x_wconf 88' lang='lat' dir='ltr'><strong>immutandas</strong></span> 
     </span>
     <span class='ocr_line' id='line_1_29' title="bbox 47 2848 1006 2927; baseline 0.001 -19"><span class='ocrx_word' id='word_1_201' title='bbox 47 2852 236 2908; x_wconf 89' lang='lat' dir='ltr'><strong>memoratas</strong></span> <span class='ocrx_word' id='word_1_202' title='bbox 262 2848 361 2923; x_wconf 81' lang='lat' dir='ltr'><strong>leges.</strong></span> <span class='ocrx_word' id='word_1_203' title='bbox 391 2850 589 2927; x_wconf 87' lang='lat' dir='ltr'><strong>Quapropter</strong></span> <span class='ocrx_word' id='word_1_204' title='bbox 619 2854 656 2910; x_wconf 90' lang='lat' dir='ltr'><strong>de</strong></span> <span class='ocrx_word' id='word_1_205' title='bbox 677 2852 805 2910; x_wconf 91' lang='lat' dir='ltr'><strong>consilio</strong></span> <span class='ocrx_word' id='word_1_206' title='bbox 826 2855 859 2911; x_wconf 89' lang='lat' dir='ltr'><strong>ct</strong></span> <span class='ocrx_word' id='word_1_207' title='bbox 880 2869 1006 2910; x_wconf 88' lang='lat' dir='ltr'><strong>assensu</strong></span> 
     </span>
     <span class='ocr_line' id='line_1_30' title="bbox 48 2942 1006 3010; baseline 0.002 -11"><span class='ocrx_word' id='word_1_208' title='bbox 48 2944 123 3002; x_wconf 89' lang='lat' dir='ltr'><strong>Ven.</strong></span> <span class='ocrx_word' id='word_1_209' title='bbox 147 2943 299 3007; x_wconf 83' lang='lat' dir='ltr'><strong>Fratrum</strong></span> <span class='ocrx_word' id='word_1_210' title='bbox 321 2942 510 3010; x_wconf 84' lang='lat' dir='ltr'><strong>Nostrorum</strong></span> <span class='ocrx_word' id='word_1_211' title='bbox 526 2944 557 3002; x_wconf 87' lang='lat' dir='ltr'><strong>S.</strong></span> <span class='ocrx_word' id='word_1_212' title='bbox 576 2945 615 3004; x_wconf 79' lang='lat' dir='ltr'><strong>a.</strong></span> <span class='ocrx_word' id='word_1_213' title='bbox 632 2946 667 3003; x_wconf 87' lang='lat' dir='ltr'><strong>E.</strong></span> <span class='ocrx_word' id='word_1_214' title='bbox 684 2943 900 3007; x_wconf 75' lang='lat' dir='ltr'><strong>cardinalium</strong></span> <span class='ocrx_word' id='word_1_215' title='bbox 919 2961 954 3002; x_wconf 87' lang='lat' dir='ltr'><strong>ac</strong></span> <span class='ocrx_word' id='word_1_216' title='bbox 969 2943 1006 3001; x_wconf 92' lang='lat' dir='ltr'><strong>de</strong></span> 
     </span>
     <span class='ocr_line' id='line_1_31' title="bbox 48 3034 1008 3111; baseline -0.002 -16"><span class='ocrx_word' id='word_1_217' title='bbox 48 3034 243 3111; x_wconf 88' lang='lat' dir='ltr'><strong>plenitudine</strong></span> <span class='ocrx_word' id='word_1_218' title='bbox 264 3035 463 3111; x_wconf 89' lang='lat' dir='ltr'><strong>Apostolieae</strong></span> <span class='ocrx_word' id='word_1_219' title='bbox 486 3036 652 3111; x_wconf 88' lang='lat' dir='ltr'><strong>potestatis</strong></span> <span class='ocrx_word' id='word_1_220' title='bbox 674 3036 819 3097; x_wconf 83' lang='lat' dir='ltr'><strong>volumus</strong></span> <span class='ocrx_word' id='word_1_221' title='bbox 832 3039 866 3096; x_wconf 89' lang='lat' dir='ltr'><strong>ct</strong></span> <span class='ocrx_word' id='word_1_222' title='bbox 879 3037 1008 3094; x_wconf 88' lang='lat' dir='ltr'><strong>manda-</strong></span> 
     </span>
     <span class='ocr_line' id='line_1_32' title="bbox 47 3129 1009 3207; baseline 0 -20"><span class='ocrx_word' id='word_1_223' title='bbox 47 3146 125 3202; x_wconf 89' lang='lat' dir='ltr'><strong>mus,</strong></span> <span class='ocrx_word' id='word_1_224' title='bbox 148 3133 187 3188; x_wconf 92' lang='lat' dir='ltr'><strong>ut</strong></span> <span class='ocrx_word' id='word_1_225' title='bbox 206 3129 389 3189; x_wconf 75' lang='lat' dir='ltr'><strong>cardinales</strong></span> <span class='ocrx_word' id='word_1_226' title='bbox 402 3129 455 3204; x_wconf 81' lang='lat' dir='ltr'><strong>‘qui</strong></span> <span class='ocrx_word' id='word_1_227' title='bbox 472 3132 650 3206; x_wconf 86' lang='lat' dir='ltr'><strong>praesentes</strong></span> <span class='ocrx_word' id='word_1_228' title='bbox 664 3132 800 3189; x_wconf 89' lang='lat' dir='ltr'><strong>aderunt</strong></span> <span class='ocrx_word' id='word_1_229' title='bbox 814 3146 1009 3207; x_wconf 78' lang='lat' dir='ltr'><strong>congregen-</strong></span> 
     </span>
     <span class='ocr_line' id='line_1_33' title="bbox 49 3220 1008 3297; baseline 0 -18"><span class='ocrx_word' id='word_1_230' title='bbox 49 3224 100 3282; x_wconf 85' lang='lat' dir='ltr'><strong>tur</strong></span> <span class='ocrx_word' id='word_1_231' title='bbox 128 3220 239 3282; x_wconf 85' lang='lat' dir='ltr'><strong>statim</strong></span> <span class='ocrx_word' id='word_1_232' title='bbox 263 3224 489 3297; x_wconf 89' lang='lat' dir='ltr'><strong>postmortem</strong></span> <span class='ocrx_word' id='word_1_233' title='bbox 518 3222 718 3280; x_wconf 87' lang='lat' dir='ltr'><strong>Summorum</strong></span> <span class='ocrx_word' id='word_1_234' title='bbox 746 3222 952 3292; x_wconf 88' lang='lat' dir='ltr'><strong>Pontificum,</strong></span> <span class='ocrx_word' id='word_1_235' title='bbox 975 3225 1008 3280; x_wconf 90' lang='lat' dir='ltr'><strong>et</strong></span> 
     </span>
     <span class='ocr_line' id='line_1_34' title="bbox 49 3312 1009 3390; baseline 0.002 -18"><span class='ocrx_word' id='word_1_236' title='bbox 49 3314 225 3376; x_wconf 88' lang='lat' dir='ltr'><strong>conditione</strong></span> <span class='ocrx_word' id='word_1_237' title='bbox 248 3319 422 3390; x_wconf 89' lang='lat' dir='ltr'><strong>temporum</strong></span> <span class='ocrx_word' id='word_1_238' title='bbox 437 3313 469 3371; x_wconf 92' lang='lat' dir='ltr'><strong>in</strong></span> <span class='ocrx_word' id='word_1_239' title='bbox 485 3312 745 3374; x_wconf 79' lang='lat' dir='ltr'><strong>consultationem</strong></span> <span class='ocrx_word' id='word_1_240' title='bbox 767 3321 927 3387; x_wconf 86' lang='lat' dir='ltr'><strong>revocata,</strong></span> <span class='ocrx_word' id='word_1_241' title='bbox 947 3314 1009 3375; x_wconf 84' lang='lat' dir='ltr'><strong>dis·</strong></span> 
     </span>
     <span class='ocr_line' id='line_1_35' title="bbox 50 3406 1009 3482; baseline 0.002 -16"><span class='ocrx_word' id='word_1_242' title='bbox 50 3407 177 3482; x_wconf 77' lang='lat' dir='ltr'><strong>quirunt</strong></span> <span class='ocrx_word' id='word_1_243' title='bbox 197 3406 284 3470; x_wconf 87' lang='lat' dir='ltr'><strong>inter</strong></span> <span class='ocrx_word' id='word_1_244' title='bbox 305 3425 348 3479; x_wconf 88' lang='lat' dir='ltr'><strong>se,</strong></span> <span class='ocrx_word' id='word_1_245' title='bbox 371 3423 406 3466; x_wconf 90' lang='lat' dir='ltr'><strong>ac</strong></span> <span class='ocrx_word' id='word_1_246' title='bbox 428 3408 610 3477; x_wconf 79' lang='lat' dir='ltr'><strong>decernant,</strong></span> <span class='ocrx_word' id='word_1_247' title='bbox 634 3423 706 3464; x_wconf 92' lang='lat' dir='ltr'><strong>num</strong></span> <span class='ocrx_word' id='word_1_248' title='bbox 728 3411 910 3466; x_wconf 89' lang='lat' dir='ltr'><strong>consuetum</strong></span> <span class='ocrx_word' id='word_1_249' title='bbox 928 3408 1009 3468; x_wconf 76' lang='lat' dir='ltr'><strong>Oen·</strong></span> 
     </span>
     <span class='ocr_line' id='line_1_36' title="bbox 50 3499 1008 3577; baseline 0.003 -18"><span class='ocrx_word' id='word_1_250' title='bbox 50 3501 137 3562; x_wconf 82' lang='lat' dir='ltr'><strong>clare</strong></span> <span class='ocrx_word' id='word_1_251' title='bbox 162 3503 356 3573; x_wconf 87' lang='lat' dir='ltr'><strong>adeundum,</strong></span> <span class='ocrx_word' id='word_1_252' title='bbox 383 3501 434 3560; x_wconf 88' lang='lat' dir='ltr'><strong>rel</strong></span> <span class='ocrx_word' id='word_1_253' title='bbox 463 3500 550 3560; x_wconf 89' lang='lat' dir='ltr'><strong>alind</strong></span> <span class='ocrx_word' id='word_1_254' title='bbox 571 3499 750 3576; x_wconf 79' lang='lat' dir='ltr'><strong>eligendum</strong></span> <span class='ocrx_word' id='word_1_255' title='bbox 779 3499 841 3573; x_wconf 81' lang='lat' dir='ltr'><strong>sit3</strong></span> <span class='ocrx_word' id='word_1_256' title='bbox 870 3501 1008 3577; x_wconf 79' lang='lat' dir='ltr'><strong>itemque</strong></span> 
     </span>
    </p>
   </div>
   <div class='ocr_carea' id='block_1_3' title="bbox 144 3619 914 3670">
    <p class='ocr_par' dir='ltr' id='par_1_5' title="bbox 144 3619 914 3670">
     <span class='ocr_line' id='line_1_37' title="bbox 144 3619 914 3670; baseline 0.003 -3"><span class='ocrx_word' id='word_1_257' title='bbox 144 3619 205 3670; x_wconf 79' lang='lat' dir='ltr'><strong>Vol.</strong></span> <span class='ocrx_word' id='word_1_258' title='bbox 222 3621 266 3670; x_wconf 88' lang='lat' dir='ltr'><strong>II.</strong></span> <span class='ocrx_word' id='word_1_259' title='bbox 770 3666 772 3670; x_wconf 81' lang='grc'>,</span> <span class='ocrx_word' id='word_1_260' title='bbox 886 3625 914 3669; x_wconf 89' lang='grc'><strong>11</strong></span> 
     </span>
    </p>
   </div>
   <div class='ocr_carea' id='block_1_4' title="bbox 0 0 1265 4198">
    <p class='ocr_par' dir='ltr' id='par_1_6' title="bbox 0 0 1265 4198">
     <span class='ocr_line' id='line_1_38' title="bbox 0 0 1265 4198; baseline 0 0"><span class='ocrx_word' id='word_1_261' title='bbox 0 0 1265 4198; x_wconf 95' lang='lat' dir='ltr'><strong> </strong></span> 
     </span>
    </p>
   </div>
  </div>
 </body>
</html>
