2506 4200
424 181 601 241 ..129-

39 291 174 364 lieentia,
206 291 361 352 celebrari
391 311 451 352 uon
474 289 617 369 potuerit
645 291 876 351 matrimonium
900 293 993 354 iuxta

38 389 156 446 formam
179 404 200 444 a
221 385 410 445 Tridentino
431 387 557 462 Syncdo
579 385 824 461 praescriptam,
852 386 931 447 nihil
952 407 989 448 eo

36 481 62 536 iu
79 497 149 539 casu
172 477 281 539 obstat
295 477 456 539 validitati
473 477 680 549 matrimonii,
696 479 776 555 quod
795 477 894 539 fuerit
908 481 988 542 illud

35 589 125 630 coram
146 573 291 645 Intruso,
313 572 478 631 dummodo
500 587 605 631 coram
627 570 746 630 duobus
761 573 894 633 testibus
910 575 991 634 cele·

36 666 159 726 tratum.

80 759 206 836 Pagina
225 758 305 817 item
326 757 462 829 decima,
475 763 637 835 postquam
660 759 838 819 stabilitum
861 764 921 833 est,
946 761 987 820 ad

32 850 152 910 formam
181 850 296 913 Brevis
324 849 434 911 Nostri
463 851 513 910 die
535 851 573 910 13
593 851 714 926 Aprilis
732 852 808 911 1791
824 852 903 925 dati,
927 853 989 912 im·

32 944 105 1019 pium
132 949 169 1005 et
198 944 394 1004 haereticum
422 961 488 1004 esse
514 943 730 1004 iusiurandum
759 946 918 1020 Ciuicam,
953 965 989 1008 ao

32 1037 136 1098 idcireo
151 1039 302 1116 graviter
316 1037 389 1097 illos
404 1056 532 1114 peccare
544 1038 596 1114 qui
608 1037 688 1098 illud
701 1045 867 1117 praestant
885 1040 989 1100 scieu-

33 1139 80 1204 tes,
101 1138 160 1192 aut
181 1149 223 1191 ex
244 1131 425 1209 ignorantia
439 1131 584 1208 graviter
598 1133 747 1209 culpabili
765 1153 824 1192 nou
840 1133 988 1207 scientes,

31 1224 290 1288 constitutionem
319 1225 481 1285 doctrinae
509 1215 599 1284 Fidei
621 1232 655 1284 et
681 1227 838 1286 Ecclesiae
866 1226 988 1287 iuribus

31 1320 186 1380 adversari
209 1323 270 1378 etc.
295 1318 433 1379 sublicis:
451 1319 612 1378 «Nullius
633 1323 737 1378 autem
758 1320 811 1379 'vel
835 1337 895 1379 uou
916 1338 990 1396 gra-

31 1413 102 1471 ›ris
122 1413 236 1475 delicti
258 1413 305 1472 rei
328 1416 453 1472 sunt...
485 1430 560 1488 quos
582 1416 736 1473 excusant
756 1414 937 1490 ignorantia
956 1416 991 1474 et

30 1505 133 1567 »bona
155 1507 246 1578 tides,
268 1506 342 1564 dum
358 1505 425 1581 ,sibi
440 1505 524 1565 forte
539 1508 729 1583 persuadent
743 1526 762 1567 a
776 1525 807 1567 se
825 1526 884 1566 uon
903 1505 990 1582 exigi

31 1598 281 1672 iuramentum,
306 1599 363 1658 nisi
384 1601 483 1676 quoad
506 1616 557 1659 res
578 1618 663 1658 mere
685 1600 810 1673 civiles,
833 1604 890 1660 aut
915 1617 991 1676 pro·

31 1696 124 1768 »pter
147 1711 247 1772 grave
270 1695 415 1754 damnum
438 1710 601 1768 emergens
622 1693 689 1751 sive
711 1692 834 1752 liborum
849 1709 988 1765 cessans,

31 1787 119 1845 »sive
140 1787 269 1848 licitum
293 1804 358 1845 esse
381 1785 543 1857 simulare,
567 1784 618 1843 vel
640 1786 679 1844 ob
694 1785 814 1844 similes
833 1803 942 1846 causas
957 1805 990 1847 ss

31 1899 138 1959 »posse
162 1884 231 1943 sine
253 1886 378 1958 peccato
399 1882 528 1941 interna
549 1881 751 1941 restrictione
775 1881 840 1954 uti,
868 1883 983 1960 absque

31 1977 118 2036 ›ulla
139 1982 246 2038 tamen
269 1975 391 2036 adiecta
411 1976 589 2034 iuramento
612 1973 859 2035 restrictione.»

79 2071 111 2128 ln
134 2072 195 2129 hoc
218 2069 386 2127 verborum
405 2071 556 2127 contextu
584 2067 677 2144 plura
703 2068 984 2130 animadvertenda

31 2166 104 2235 sunt,
126 2180 208 2240 quae
229 2162 330 2221 multo
352 2162 580 2239 expressiorem
608 2161 776 2237 requirunt
797 2161 986 2238 explicatio·

31 2271 99 2315 uem.
122 2260 169 2316 Ao
192 2254 293 2330 primo
319 2273 388 2314 cum
412 2259 527 2331 agatur
549 2255 585 2312 de
606 2253 822 2327 iureiurando,
838 2274 898 2332 quo
913 2255 983 2332 quis

30 2349 231 2428 obstringitur
244 2351 282 2409 ad
300 2351 525 2410 observandam
541 2350 807 2410 constitutionem
825 2350 984 2412 tumultis

30 2445 83 2502 suis
108 2445 248 2505 decretis
278 2444 493 2514 haereticam,
515 2445 552 2503 ut
580 2462 647 2504 eam
674 2463 740 2504 esse
766 2445 984 2522 apostolicum

30 2533 120 2598 Breve
139 2538 293 2610 declarat,
308 2555 344 2596 ae
359 2537 390 2595 in
407 2536 563 2612 aliquibus
585 2539 816 2599 schismaticam
831 2543 892 2599 etc.
909 2556 988 2598 coo·
1074 2601 1078 2609 ,

29 2629 217 2690 stitutionem
241 2631 390 2691 videlicet
412 2648 472 2689 non
494 2631 557 2690 alio
573 2632 704 2691 consilio
720 2631 933 2710 excogitatam
949 2652 990 2697 ac

30 2723 195 2801 vulgatam,
218 2741 310 2800 quam
332 2729 368 2782 ut
389 2723 547 2783 catholica
568 2742 695 2800 prorsus
717 2727 884 2788 aboleatur
905 2727 983 2786 reli-

31 2815 72 2888 gio
91 2818 191 2895 (quod
215 2816 311 2876 etiam
340 2833 379 2875 ex
406 2816 473 2892 ipsa
501 2815 588 2875 illius
615 2816 751 2878 lectione
779 2820 982 2880 manifestum

31 2911 102 2985 est),
128 2909 258 2968 minime
285 2908 409 2985 quidem
438 2907 599 2986 quisquam
629 2913 735 2987 potest
761 2912 812 2970 vel
834 2930 873 2971 ex
895 2911 983 2987 igno·

30 3007 124 3064 rantra
145 3005 199 3064 vel
220 3004 317 3065 etiam
344 3021 383 3063 ex
413 3004 492 3063 boue
519 3003 578 3062 flde
604 3003 685 3081 (uisi
707 3004 739 3062 iu
762 3005 867 3080 aliquo
889 3022 983 3081 pecu·
1011 3015 1016 3022 “

29 3090 91 3156 llari
113 3101 206 3176 casu)
229 3096 430 3174 persuaderi,
453 3116 472 3157 a
492 3115 523 3156 se
546 3115 604 3155 uon
632 3096 717 3173 exigi
742 3097 977 3171 iusiurandum,

30 3189 78 3248 uisi
101 3195 138 3252 ob
161 3211 211 3252 res
234 3192 357 3263 civiles
378 3195 471 3266 atque
494 3191 564 3251 ideo
584 3191 695 3263 illum,
721 3191 773 3267 qui
800 3192 907 3250 eodem
929 3191 980 3250 ob·

29 3286 203 3364 stringitur,
219 3286 344 3363 aculpa
374 3285 533 3357 excusari3
549 3286 710 3361 multoque
726 3286 829 3345 minus
843 3286 881 3344 ob
895 3302 991 3362 grave
1047 3281 1049 3284 ’

29 3379 163 3444 damnum
185 3402 347 3462 emergens
368 3389 424 3444 aut
445 3382 568 3441 lucrum
586 3401 710 3442 cessans
731 3369 821 3460 posse
841 3383 977 3460 aliquem

29 3468 53 3528 in
71 3476 211 3536 animum
233 3475 315 3537 serio
330 3476 478 3536 iuducere
493 3474 614 3536 licitam
630 3475 689 3535 sibi
711 3493 777 3536 esse
803 3477 991 3537 simulatio·

114 3597 172 3648 Vol.
190 3599 234 3649 11.
868 3603 882 3648 9
