<?xml version="1.0" encoding="UTF-8"?>
<!DOCTYPE html PUBLIC "-//W3C//DTD XHTML 1.0 Transitional//EN"
    "http://www.w3.org/TR/xhtml1/DTD/xhtml1-transitional.dtd">
<html xmlns="http://www.w3.org/1999/xhtml" xml:lang="en" lang="en">
 <head>
  <title>
</title>
<meta http-equiv="Content-Type" content="text/html;charset=utf-8" />
  <meta name='ocr-system' content='tesseract 3.04.00' />
  <meta name='ocr-capabilities' content='ocr_page ocr_carea ocr_par ocr_line ocrx_word'/>
</head>
<body>
  <div class='ocr_page' id='page_1' title='image "./piivipontmaxact01piusgoog_0143.png"; bbox 0 0 2424 4196; ppageno 0'>
   <div class='ocr_carea' id='block_1_1' title="bbox 406 235 586 295">
    <p class='ocr_par' dir='ltr' id='par_1_1' title="bbox 406 235 586 295">
     <span class='ocr_line' id='line_1_1' title="bbox 406 235 586 295; baseline 0.017 -2"><span class='ocrx_word' id='word_1_1' title='bbox 406 235 586 295; x_wconf 88' lang='lat'>-135-</span> 
     </span>
    </p>
   </div>
   <div class='ocr_carea' id='block_1_2' title="bbox 6 342 977 1992">
    <p class='ocr_par' dir='ltr' id='par_1_2' title="bbox 15 342 977 1727">
     <span class='ocr_line' id='line_1_2' title="bbox 27 342 975 420; baseline -0.003 -15"><span class='ocrx_word' id='word_1_2' title='bbox 27 350 132 408; x_wconf 86' lang='lat' dir='ltr'><strong>nentur</strong></span> <span class='ocrx_word' id='word_1_3' title='bbox 158 346 261 406; x_wconf 87' lang='lat' dir='ltr'><strong>studio</strong></span> <span class='ocrx_word' id='word_1_4' title='bbox 290 349 441 406; x_wconf 85' lang='lat' dir='ltr'><strong>revocare</strong></span> <span class='ocrx_word' id='word_1_5' title='bbox 468 363 504 405; x_wconf 85' lang='lat' dir='ltr'><strong>ac</strong></span> <span class='ocrx_word' id='word_1_6' title='bbox 532 345 695 404; x_wconf 85' lang='lat' dir='ltr'><strong>retrabere</strong></span> <span class='ocrx_word' id='word_1_7' title='bbox 723 345 760 403; x_wconf 90' lang='lat' dir='ltr'><strong>ad</strong></span> <span class='ocrx_word' id='word_1_8' title='bbox 790 342 975 420; x_wconf 77' lang='lat' dir='ltr'><strong>perditionis</strong></span> 
     </span>
     <span class='ocr_line' id='line_1_3' title="bbox 27 437 977 516; baseline -0.002 -18"><span class='ocrx_word' id='word_1_9' title='bbox 27 439 116 512; x_wconf 79' lang='lat' dir='ltr'><strong>aiam,</strong></span> <span class='ocrx_word' id='word_1_10' title='bbox 139 444 234 516; x_wconf 87' lang='lat' dir='ltr'><strong>prout</strong></span> <span class='ocrx_word' id='word_1_11' title='bbox 254 444 340 499; x_wconf 87' lang='lat' dir='ltr'><strong>certe</strong></span> <span class='ocrx_word' id='word_1_12' title='bbox 362 444 395 499; x_wconf 92' lang='lat' dir='ltr'><strong>et</strong></span> <span class='ocrx_word' id='word_1_13' title='bbox 413 439 561 498; x_wconf 83' lang='lat' dir='ltr'><strong>hactenus</strong></span> <span class='ocrx_word' id='word_1_14' title='bbox 582 437 796 508; x_wconf 81' lang='lat' dir='ltr'><strong>contendisse,</strong></span> <span class='ocrx_word' id='word_1_15' title='bbox 812 440 845 496; x_wconf 90' lang='lat' dir='ltr'><strong>et</strong></span> <span class='ocrx_word' id='word_1_16' title='bbox 865 437 977 496; x_wconf 88' lang='lat' dir='ltr'><strong>etiem·</strong></span> 
     </span>
     <span class='ocr_line' id='line_1_4' title="bbox 30 531 974 609; baseline -0.003 -18"><span class='ocrx_word' id='word_1_17' title='bbox 30 552 87 593; x_wconf 91' lang='lat' dir='ltr'><strong>num</strong></span> <span class='ocrx_word' id='word_1_18' title='bbox 108 535 250 593; x_wconf 76' lang='lat' dir='ltr'><strong>intrusos</strong></span> <span class='ocrx_word' id='word_1_19' title='bbox 272 533 394 593; x_wconf 83' lang='lat' dir='ltr'><strong>Galliae</strong></span> <span class='ocrx_word' id='word_1_20' title='bbox 416 532 575 609; x_wconf 90' lang='lat' dir='ltr'><strong>episcopos</strong></span> <span class='ocrx_word' id='word_1_21' title='bbox 595 533 783 590; x_wconf 87' lang='lat' dir='ltr'><strong>contendere</strong></span> <span class='ocrx_word' id='word_1_22' title='bbox 808 549 867 589; x_wconf 94' lang='lat' dir='ltr'><strong>non</strong></span> <span class='ocrx_word' id='word_1_23' title='bbox 887 531 974 607; x_wconf 85' lang='lat' dir='ltr'><strong>igno-</strong></span> 
     </span>
     <span class='ocr_line' id='line_1_5' title="bbox 28 624 976 704; baseline -0.003 -19"><span class='ocrx_word' id='word_1_24' title='bbox 28 645 128 686; x_wconf 81' lang='lat' dir='ltr'><strong>ramus.</strong></span> <span class='ocrx_word' id='word_1_25' title='bbox 146 627 231 694; x_wconf 88' lang='lat' dir='ltr'><strong>Quod</strong></span> <span class='ocrx_word' id='word_1_26' title='bbox 255 630 396 704; x_wconf 87' lang='lat' dir='ltr'><strong>superest</strong></span> <span class='ocrx_word' id='word_1_27' title='bbox 410 668 418 698; x_wconf 92' lang='lat'><strong>,</strong></span> <span class='ocrx_word' id='word_1_28' title='bbox 434 625 493 684; x_wconf 89' lang='lat' dir='ltr'><strong>etsi</strong></span> <span class='ocrx_word' id='word_1_29' title='bbox 516 624 606 684; x_wconf 84' lang='lat' dir='ltr'><strong>vaide</strong></span> <span class='ocrx_word' id='word_1_30' title='bbox 625 624 873 683; x_wconf 78' lang='lat' dir='ltr'><strong>commendemus</strong></span> <span class='ocrx_word' id='word_1_31' title='bbox 895 624 976 684; x_wconf 89' lang='lat' dir='ltr'><strong>desi·</strong></span> 
     </span>
     <span class='ocr_line' id='line_1_6' title="bbox 24 719 973 791; baseline -0.002 -11"><span class='ocrx_word' id='word_1_32' title='bbox 24 725 131 781; x_wconf 91' lang='lat' dir='ltr'><strong>derium</strong></span> <span class='ocrx_word' id='word_1_33' title='bbox 157 727 247 782; x_wconf 88' lang='lat' dir='ltr'><strong>tuum</strong></span> <span class='ocrx_word' id='word_1_34' title='bbox 269 724 307 781; x_wconf 84' lang='lat' dir='ltr'><strong>ad</strong></span> <span class='ocrx_word' id='word_1_35' title='bbox 328 723 391 782; x_wconf 86' lang='lat' dir='ltr'><strong>Nos</strong></span> <span class='ocrx_word' id='word_1_36' title='bbox 420 723 550 782; x_wconf 87' lang='lat' dir='ltr'><strong>Romam</strong></span> <span class='ocrx_word' id='word_1_37' title='bbox 572 719 738 791; x_wconf 84' lang='lat' dir='ltr'><strong>veniendi,</strong></span> <span class='ocrx_word' id='word_1_38' title='bbox 767 737 803 778; x_wconf 90' lang='lat' dir='ltr'><strong>ac</strong></span> <span class='ocrx_word' id='word_1_39' title='bbox 830 720 866 776; x_wconf 87' lang='lat' dir='ltr'><strong>ad</strong></span> <span class='ocrx_word' id='word_1_40' title='bbox 898 719 973 778; x_wconf 86' lang='lat' dir='ltr'><strong>haec</strong></span> 
     </span>
     <span class='ocr_line' id='line_1_7' title="bbox 22 809 974 891; baseline 0.001 -19"><span class='ocrx_word' id='word_1_41' title='bbox 22 809 189 875; x_wconf 80' lang='lat' dir='ltr'><strong>sanctbrum</strong></span> <span class='ocrx_word' id='word_1_42' title='bbox 212 815 429 891; x_wconf 81' lang='lat' dir='ltr'><strong>Apostolorum</strong></span> <span class='ocrx_word' id='word_1_43' title='bbox 453 813 586 886; x_wconf 81' lang='lat' dir='ltr'><strong>iimina3</strong></span> <span class='ocrx_word' id='word_1_44' title='bbox 609 819 712 872; x_wconf 82' lang='lat' dir='ltr'><strong>tumen</strong></span> <span class='ocrx_word' id='word_1_45' title='bbox 735 814 769 872; x_wconf 93' lang='lat' dir='ltr'><strong>te</strong></span> <span class='ocrx_word' id='word_1_46' title='bbox 791 811 914 871; x_wconf 90' lang='lat' dir='ltr'><strong>omniuo</strong></span> <span class='ocrx_word' id='word_1_47' title='bbox 935 813 974 873; x_wconf 88' lang='lat' dir='ltr'><strong>ab</strong></span> 
     </span>
     <span class='ocr_line' id='line_1_8' title="bbox 21 906 973 978; baseline -0.002 -12"><span class='ocrx_word' id='word_1_48' title='bbox 21 910 68 968; x_wconf 87' lang='lat' dir='ltr'><strong>hoe</strong></span> <span class='ocrx_word' id='word_1_49' title='bbox 88 910 224 968; x_wconf 92' lang='lat' dir='ltr'><strong>iucundo</strong></span> <span class='ocrx_word' id='word_1_50' title='bbox 246 908 360 967; x_wconf 88' lang='lat' dir='ltr'><strong>itinere</strong></span> <span class='ocrx_word' id='word_1_51' title='bbox 375 908 592 978; x_wconf 82' lang='lat' dir='ltr'><strong>dehortamur,</strong></span> <span class='ocrx_word' id='word_1_52' title='bbox 607 912 642 967; x_wconf 84' lang='lat' dir='ltr'><strong>et</strong></span> <span class='ocrx_word' id='word_1_53' title='bbox 662 909 736 966; x_wconf 87' lang='lat' dir='ltr'><strong>tuae</strong></span> <span class='ocrx_word' id='word_1_54' title='bbox 759 911 822 966; x_wconf 85' lang='lat' dir='ltr'><strong>tam</strong></span> <span class='ocrx_word' id='word_1_55' title='bbox 844 906 973 966; x_wconf 81' lang='lat' dir='ltr'><strong>affectae</strong></span> 
     </span>
     <span class='ocr_line' id='line_1_9' title="bbox 20 999 973 1075; baseline -0.002 -15"><span class='ocrx_word' id='word_1_56' title='bbox 20 1003 203 1063; x_wconf 81' lang='lat' dir='ltr'><strong>valetudinis</strong></span> <span class='ocrx_word' id='word_1_57' title='bbox 224 1019 330 1074; x_wconf 87' lang='lat' dir='ltr'><strong>causa,</strong></span> <span class='ocrx_word' id='word_1_58' title='bbox 346 1008 380 1060; x_wconf 89' lang='lat' dir='ltr'><strong>et</strong></span> <span class='ocrx_word' id='word_1_59' title='bbox 400 1001 487 1060; x_wconf 82' lang='lat' dir='ltr'><strong>vitae</strong></span> <span class='ocrx_word' id='word_1_60' title='bbox 508 999 736 1070; x_wconf 81' lang='lat' dir='ltr'><strong>discriminum,</strong></span> <span class='ocrx_word' id='word_1_61' title='bbox 751 1017 829 1075; x_wconf 90' lang='lat' dir='ltr'><strong>quee</strong></span> <span class='ocrx_word' id='word_1_62' title='bbox 850 999 973 1059; x_wconf 83' lang='lat' dir='ltr'><strong>evitare</strong></span> 
     </span>
     <span class='ocr_line' id='line_1_10' title="bbox 20 1092 973 1171; baseline -0.003 -18"><span class='ocrx_word' id='word_1_63' title='bbox 20 1097 67 1154; x_wconf 89' lang='lat' dir='ltr'><strong>hoe</strong></span> <span class='ocrx_word' id='word_1_64' title='bbox 93 1094 279 1154; x_wconf 89' lang='lat' dir='ltr'><strong>difficillimo</strong></span> <span class='ocrx_word' id='word_1_65' title='bbox 299 1113 334 1154; x_wconf 83' lang='lat' dir='ltr'><strong>ec</strong></span> <span class='ocrx_word' id='word_1_66' title='bbox 355 1093 640 1171; x_wconf 88' lang='lat' dir='ltr'><strong>periculosissimo,</strong></span> <span class='ocrx_word' id='word_1_67' title='bbox 668 1096 705 1152; x_wconf 91' lang='lat' dir='ltr'><strong>ut</strong></span> <span class='ocrx_word' id='word_1_68' title='bbox 732 1093 849 1168; x_wconf 91' lang='lat' dir='ltr'><strong>optime</strong></span> <span class='ocrx_word' id='word_1_69' title='bbox 878 1092 973 1162; x_wconf 90' lang='lat' dir='ltr'><strong>nosti,</strong></span> 
     </span>
     <span class='ocr_line' id='line_1_11' title="bbox 18 1185 974 1266; baseline -0.003 -19"><span class='ocrx_word' id='word_1_70' title='bbox 18 1194 148 1266; x_wconf 88' lang='lat' dir='ltr'><strong>tempore</strong></span> <span class='ocrx_word' id='word_1_71' title='bbox 174 1207 232 1246; x_wconf 91' lang='lat' dir='ltr'><strong>non</strong></span> <span class='ocrx_word' id='word_1_72' title='bbox 256 1187 387 1264; x_wconf 84' lang='lat' dir='ltr'><strong>poteris.</strong></span> <span class='ocrx_word' id='word_1_73' title='bbox 410 1189 506 1246; x_wconf 86' lang='lat' dir='ltr'><strong>Deum</strong></span> <span class='ocrx_word' id='word_1_74' title='bbox 530 1185 679 1262; x_wconf 90' lang='lat' dir='ltr'><strong>optimum</strong></span> <span class='ocrx_word' id='word_1_75' title='bbox 710 1187 878 1246; x_wconf 90' lang='lat' dir='ltr'><strong>maximum</strong></span> <span class='ocrx_word' id='word_1_76' title='bbox 905 1203 974 1261; x_wconf 91' lang='lat' dir='ltr'><strong>pre-</strong></span> 
     </span>
     <span class='ocr_line' id='line_1_12' title="bbox 18 1277 974 1356; baseline -0.001 -18"><span class='ocrx_word' id='word_1_77' title='bbox 18 1299 137 1354; x_wconf 88' lang='lat' dir='ltr'><strong>cemur,</strong></span> <span class='ocrx_word' id='word_1_78' title='bbox 164 1284 203 1340; x_wconf 90' lang='lat' dir='ltr'><strong>ut</strong></span> <span class='ocrx_word' id='word_1_79' title='bbox 228 1299 284 1340; x_wconf 85' lang='lat' dir='ltr'><strong>sua</strong></span> <span class='ocrx_word' id='word_1_80' title='bbox 309 1285 340 1339; x_wconf 88' lang='lat' dir='ltr'><strong>te</strong></span> <span class='ocrx_word' id='word_1_81' title='bbox 366 1278 471 1356; x_wconf 78' lang='lat' dir='ltr'><strong>gratia</strong></span> <span class='ocrx_word' id='word_1_82' title='bbox 499 1284 593 1355; x_wconf 89' lang='lat' dir='ltr'><strong>prout</strong></span> <span class='ocrx_word' id='word_1_83' title='bbox 618 1279 678 1338; x_wconf 88' lang='lat' dir='ltr'><strong>iam</strong></span> <span class='ocrx_word' id='word_1_84' title='bbox 704 1279 828 1356; x_wconf 89' lang='lat' dir='ltr'><strong>coepit,</strong></span> <span class='ocrx_word' id='word_1_85' title='bbox 850 1277 882 1336; x_wconf 94' lang='lat' dir='ltr'><strong>in</strong></span> <span class='ocrx_word' id='word_1_86' title='bbox 905 1280 974 1337; x_wconf 86' lang='lat' dir='ltr'><strong>Iesu</strong></span> 
     </span>
     <span class='ocr_line' id='line_1_13' title="bbox 16 1370 973 1449; baseline -0.004 -17"><span class='ocrx_word' id='word_1_87' title='bbox 16 1372 132 1433; x_wconf 80' lang='lat' dir='ltr'><strong>Christo</strong></span> <span class='ocrx_word' id='word_1_88' title='bbox 157 1390 215 1449; x_wconf 92' lang='lat' dir='ltr'><strong>per</strong></span> <span class='ocrx_word' id='word_1_89' title='bbox 233 1373 386 1449; x_wconf 88' lang='lat' dir='ltr'><strong>Spiritum</strong></span> <span class='ocrx_word' id='word_1_90' title='bbox 408 1376 549 1431; x_wconf 82' lang='lat' dir='ltr'><strong>sanctum</strong></span> <span class='ocrx_word' id='word_1_91' title='bbox 568 1375 788 1448; x_wconf 86' lang='lat' dir='ltr'><strong>prosequetur,</strong></span> <span class='ocrx_word' id='word_1_92' title='bbox 811 1370 919 1430; x_wconf 84' lang='lat' dir='ltr'><strong>foveat</strong></span> <span class='ocrx_word' id='word_1_93' title='bbox 940 1375 973 1429; x_wconf 88' lang='lat' dir='ltr'><strong>et</strong></span> 
     </span>
     <span class='ocr_line' id='line_1_14' title="bbox 15 1464 974 1542; baseline 0 -20"><span class='ocrx_word' id='word_1_94' title='bbox 15 1467 178 1526; x_wconf 85' lang='lat' dir='ltr'><strong>custodiat.</strong></span> <span class='ocrx_word' id='word_1_95' title='bbox 189 1465 320 1541; x_wconf 86' lang='lat' dir='ltr'><strong>Tibique</strong></span> <span class='ocrx_word' id='word_1_96' title='bbox 331 1464 530 1542; x_wconf 85' lang='lat' dir='ltr'><strong>apostolicam</strong></span> <span class='ocrx_word' id='word_1_97' title='bbox 543 1465 803 1534; x_wconf 84' lang='lat' dir='ltr'><strong>benedictionem,</strong></span> <span class='ocrx_word' id='word_1_98' title='bbox 816 1482 871 1541; x_wconf 92' lang='lat' dir='ltr'><strong>per</strong></span> <span class='ocrx_word' id='word_1_99' title='bbox 880 1481 974 1539; x_wconf 83' lang='lat' dir='ltr'><strong>quum</strong></span> 
     </span>
     <span class='ocr_line' id='line_1_15' title="bbox 15 1556 974 1634; baseline -0.002 -18"><span class='ocrx_word' id='word_1_100' title='bbox 15 1557 91 1618; x_wconf 90' lang='lat' dir='ltr'><strong>illius</strong></span> <span class='ocrx_word' id='word_1_101' title='bbox 119 1560 154 1617; x_wconf 91' lang='lat' dir='ltr'><strong>im</strong></span> <span class='ocrx_word' id='word_1_102' title='bbox 186 1561 219 1616; x_wconf 85' lang='lat' dir='ltr'><strong>te</strong></span> <span class='ocrx_word' id='word_1_103' title='bbox 247 1557 480 1617; x_wconf 85' lang='lat' dir='ltr'><strong>misericordiae</strong></span> <span class='ocrx_word' id='word_1_104' title='bbox 509 1557 632 1616; x_wconf 89' lang='lat' dir='ltr'><strong>fructus</strong></span> <span class='ocrx_word' id='word_1_105' title='bbox 661 1575 783 1634; x_wconf 87' lang='lat' dir='ltr'><strong>semper</strong></span> <span class='ocrx_word' id='word_1_106' title='bbox 815 1556 974 1615; x_wconf 85' lang='lat' dir='ltr'><strong>uberiores</strong></span> 
     </span>
     <span class='ocr_line' id='line_1_16' title="bbox 15 1651 875 1727; baseline 0.001 -19"><span class='ocrx_word' id='word_1_107' title='bbox 15 1653 178 1724; x_wconf 81' lang='lat' dir='ltr'><strong>exsistant,</strong></span> <span class='ocrx_word' id='word_1_108' title='bbox 201 1670 240 1710; x_wconf 86' lang='lat' dir='ltr'><strong>ex</strong></span> <span class='ocrx_word' id='word_1_109' title='bbox 262 1652 365 1710; x_wconf 89' lang='lat' dir='ltr'><strong>animo</strong></span> <span class='ocrx_word' id='word_1_110' title='bbox 386 1669 422 1709; x_wconf 86' lang='lat' dir='ltr'><strong>ac</strong></span> <span class='ocrx_word' id='word_1_111' title='bbox 445 1655 644 1727; x_wconf 82' lang='lat' dir='ltr'><strong>peramanter</strong></span> <span class='ocrx_word' id='word_1_112' title='bbox 665 1651 875 1726; x_wconf 87' lang='lat' dir='ltr'><strong>impertimur.</strong></span> 
     </span>
    </p>

    <p class='ocr_par' dir='ltr' id='par_1_3' title="bbox 6 1732 972 1992">
     <span class='ocr_line' id='line_1_17' title="bbox 6 1732 972 1821; baseline -0.005 -15"><span class='ocrx_word' id='word_1_113' title='bbox 6 1732 9 1739; x_wconf 41' lang='lat'>¹</span> <span class='ocrx_word' id='word_1_114' title='bbox 63 1750 182 1806; x_wconf 86' lang='lat' dir='ltr'><strong>Datum</strong></span> <span class='ocrx_word' id='word_1_115' title='bbox 205 1747 321 1805; x_wconf 88' lang='lat' dir='ltr'><strong>Romae</strong></span> <span class='ocrx_word' id='word_1_116' title='bbox 343 1746 422 1821; x_wconf 83' lang='lat' dir='ltr'><strong>apud</strong></span> <span class='ocrx_word' id='word_1_117' title='bbox 446 1747 479 1802; x_wconf 88' lang='lat' dir='ltr'><strong>S.</strong></span> <span class='ocrx_word' id='word_1_118' title='bbox 496 1745 626 1803; x_wconf 87' lang='lat' dir='ltr'><strong>Petrum</strong></span> <span class='ocrx_word' id='word_1_119' title='bbox 649 1745 705 1802; x_wconf 75' lang='lat' dir='ltr'><strong>sub</strong></span> <span class='ocrx_word' id='word_1_120' title='bbox 726 1744 843 1804; x_wconf 83' lang='lat' dir='ltr'><strong>annulo</strong></span> <span class='ocrx_word' id='word_1_121' title='bbox 864 1743 972 1802; x_wconf 86' lang='lat' dir='ltr'><strong>Pisca-</strong></span> 
     </span>
     <span class='ocr_line' id='line_1_18' title="bbox 15 1834 972 1916; baseline -0.002 -20"><span class='ocrx_word' id='word_1_122' title='bbox 15 1840 106 1911; x_wconf 88' lang='lat' dir='ltr'><strong>toris‚</strong></span> <span class='ocrx_word' id='word_1_123' title='bbox 139 1839 192 1898; x_wconf 92' lang='lat' dir='ltr'><strong>die</strong></span> <span class='ocrx_word' id='word_1_124' title='bbox 215 1839 229 1897; x_wconf 86' lang='lat'><em>1</em></span> <span class='ocrx_word' id='word_1_125' title='bbox 258 1837 340 1897; x_wconf 90' lang='lat' dir='ltr'><strong>Iunii</strong></span> <span class='ocrx_word' id='word_1_126' title='bbox 367 1838 594 1911; x_wconf 81' lang='lat' dir='ltr'><strong>MDOOXGVI,</strong></span> <span class='ocrx_word' id='word_1_127' title='bbox 624 1837 833 1896; x_wconf 79' lang='lat' dir='ltr'><strong>Pontificatus</strong></span> <span class='ocrx_word' id='word_1_128' title='bbox 853 1834 972 1916; x_wconf 68' lang='lat' dir='ltr'><strong>{Nostri</strong></span> 
     </span>
     <span class='ocr_line' id='line_1_19' title="bbox 14 1932 857 1992; baseline 0.006 -2"><span class='ocrx_word' id='word_1_129' title='bbox 14 1949 84 1991; x_wconf 89' lang='lat' dir='ltr'><strong>auno</strong></span> <span class='ocrx_word' id='word_1_130' title='bbox 104 1932 214 1992; x_wconf 91' lang='lat' dir='ltr'>XXII.</span> <span class='ocrx_word' id='word_1_131' title='bbox 856 1941 857 1948; x_wconf 76' lang='grc'>’</span> 
     </span>
    </p>
   </div>
   <div class='ocr_carea' id='block_1_3' title="bbox 578 2075 889 2153">
    <p class='ocr_par' dir='ltr' id='par_1_4' title="bbox 578 2075 889 2153">
     <span class='ocr_line' id='line_1_20' title="bbox 578 2075 889 2153; baseline 0.006 -19"><span class='ocrx_word' id='word_1_132' title='bbox 578 2075 774 2136; x_wconf 80' lang='lat' dir='ltr'><strong>Benedictus</strong></span> <span class='ocrx_word' id='word_1_133' title='bbox 794 2075 889 2153; x_wconf 78' lang='lat' dir='ltr'><strong>Stay.</strong></span> 
     </span>
    </p>
   </div>
   <div class='ocr_carea' id='block_1_4' title="bbox 454 2240 533 2295">
    <p class='ocr_par' dir='ltr' id='par_1_5' title="bbox 454 2240 533 2295">
     <span class='ocr_line' id='line_1_21' title="bbox 454 2240 533 2295; baseline 0 0"><span class='ocrx_word' id='word_1_134' title='bbox 454 2240 533 2295; x_wconf 75' lang='lat' dir='ltr'><strong>xm.</strong></span> 
     </span>
    </p>
   </div>
   <div class='ocr_carea' id='block_1_5' title="bbox 183 2385 785 3010">
    <p class='ocr_par' dir='ltr' id='par_1_6' title="bbox 183 2385 785 3010">
     <span class='ocr_line' id='line_1_22' title="bbox 323 2385 660 2430; baseline 0.015 -6"><span class='ocrx_word' id='word_1_135' title='bbox 323 2385 517 2428; x_wconf 60' lang='lat' dir='ltr'><strong>vnumeae‘rna</strong></span> <span class='ocrx_word' id='word_1_136' title='bbox 538 2387 660 2430; x_wconf 77' lang='lat' dir='ltr'><strong>suarna</strong></span> 
     </span>
     <span class='ocr_line' id='line_1_23' title="bbox 357 2543 627 2603; baseline 0.011 -3"><span class='ocrx_word' id='word_1_137' title='bbox 357 2544 385 2600; x_wconf 77' lang='lat' dir='ltr'>A</span> <span class='ocrx_word' id='word_1_138' title='bbox 400 2545 428 2603; x_wconf 94' lang='lat' dir='ltr'><strong>U</strong></span> <span class='ocrx_word' id='word_1_139' title='bbox 443 2543 469 2601; x_wconf 78' lang='lat' dir='ltr'><strong>G</strong></span> <span class='ocrx_word' id='word_1_140' title='bbox 483 2545 511 2603; x_wconf 92' lang='lat' dir='ltr'><strong>U</strong></span> <span class='ocrx_word' id='word_1_141' title='bbox 525 2543 546 2602; x_wconf 89' lang='lat' dir='ltr'>S</span> <span class='ocrx_word' id='word_1_142' title='bbox 562 2544 627 2603; x_wconf 90' lang='lat' dir='ltr'><strong>TO</strong></span> 
     </span>
     <span class='ocr_line' id='line_1_24' title="bbox 323 2715 654 2794; baseline 0.015 -21"><span class='ocrx_word' id='word_1_143' title='bbox 323 2715 485 2793; x_wconf 71' lang='lat' dir='ltr'><strong>&#39;Episcopo</strong></span> <span class='ocrx_word' id='word_1_144' title='bbox 506 2716 654 2794; x_wconf 78' lang='lat' dir='ltr'><strong>Spirensi</strong></span> 
     </span>
     <span class='ocr_line' id='line_1_25' title="bbox 183 2889 785 3010; baseline 0.01 -44"><span class='ocrx_word' id='word_1_145' title='bbox 183 2889 227 3010; x_wconf 77' lang='grc' dir='ltr'><strong>Ρι</strong></span> <span class='ocrx_word' id='word_1_146' title='bbox 247 2890 262 2964; x_wconf 92' lang='grc' dir='ltr'>ι</span> <span class='ocrx_word' id='word_1_147' title='bbox 290 2890 329 2970; x_wconf 89' lang='lat' dir='ltr'><strong>u</strong></span> <span class='ocrx_word' id='word_1_148' title='bbox 357 2890 383 2968; x_wconf 80' lang='lat' dir='ltr'><strong>s</strong></span> <span class='ocrx_word' id='word_1_149' title='bbox 447 2894 481 2969; x_wconf 83' lang='grc' dir='ltr'>Ρ</span> <span class='ocrx_word' id='word_1_150' title='bbox 508 2893 543 2968; x_wconf 83' lang='grc' dir='ltr'><strong>Α</strong></span> <span class='ocrx_word' id='word_1_151' title='bbox 570 2895 603 2970; x_wconf 82' lang='grc' dir='ltr'>Ρ</span> <span class='ocrx_word' id='word_1_152' title='bbox 630 2895 665 2970; x_wconf 81' lang='lat' dir='ltr'><strong>a</strong></span> <span class='ocrx_word' id='word_1_153' title='bbox 720 2897 785 2972; x_wconf 86' lang='lat' dir='ltr'><strong>m.</strong></span> 
     </span>
    </p>
   </div>
   <div class='ocr_carea' id='block_1_6' title="bbox 121 3074 841 3243">
    <p class='ocr_par' dir='ltr' id='par_1_7' title="bbox 121 3074 841 3243">
     <span class='ocr_line' id='line_1_26' title="bbox 121 3074 841 3162; baseline 0.011 -17"><span class='ocrx_word' id='word_1_154' title='bbox 121 3089 213 3146; x_wconf 86' lang='lat' dir='ltr'><strong>Ven.</strong></span> <span class='ocrx_word' id='word_1_155' title='bbox 227 3074 369 3160; x_wconf 74' lang='lat' dir='ltr'><strong>Frater,</strong></span> <span class='ocrx_word' id='word_1_156' title='bbox 384 3091 536 3149; x_wconf 80' lang='lat' dir='ltr'><strong>Salutem</strong></span> <span class='ocrx_word' id='word_1_157' title='bbox 558 3097 593 3150; x_wconf 85' lang='lat' dir='ltr'><strong>et</strong></span> <span class='ocrx_word' id='word_1_158' title='bbox 606 3094 841 3162; x_wconf 82' lang='lat' dir='ltr'><strong>Apostolieem</strong></span> 
     </span>
     <span class='ocr_line' id='line_1_27' title="bbox 332 3175 627 3243; baseline 0.014 -4"><span class='ocrx_word' id='word_1_159' title='bbox 332 3175 627 3243; x_wconf 83' lang='lat' dir='ltr'><strong>Benedictioriem.</strong></span> 
     </span>
    </p>
   </div>
   <div class='ocr_carea' id='block_1_7' title="bbox 7 3341 969 3604">
    <p class='ocr_par' dir='ltr' id='par_1_8' title="bbox 7 3341 969 3604">
     <span class='ocr_line' id='line_1_28' title="bbox 60 3341 968 3419; baseline 0.003 -16"><span class='ocrx_word' id='word_1_160' title='bbox 60 3341 180 3403; x_wconf 77' lang='lat' dir='ltr'><strong>Crebro</strong></span> <span class='ocrx_word' id='word_1_161' title='bbox 206 3345 358 3402; x_wconf 86' lang='lat' dir='ltr'><strong>renovata</strong></span> <span class='ocrx_word' id='word_1_162' title='bbox 378 3359 397 3400; x_wconf 85' lang='lat' dir='ltr'><strong>a</strong></span> <span class='ocrx_word' id='word_1_163' title='bbox 418 3347 469 3417; x_wconf 83' lang='lat' dir='ltr'><strong>te,</strong></span> <span class='ocrx_word' id='word_1_164' title='bbox 493 3346 572 3404; x_wconf 86' lang='lat' dir='ltr'><strong>Veu.</strong></span> <span class='ocrx_word' id='word_1_165' title='bbox 596 3346 731 3419; x_wconf 84' lang='lat' dir='ltr'><strong>Frater,</strong></span> <span class='ocrx_word' id='word_1_166' title='bbox 755 3350 827 3406; x_wconf 82' lang='lat' dir='ltr'><strong>tuoe</strong></span> <span class='ocrx_word' id='word_1_167' title='bbox 850 3346 881 3404; x_wconf 92' lang='lat' dir='ltr'><strong>iu</strong></span> <span class='ocrx_word' id='word_1_168' title='bbox 902 3347 968 3409; x_wconf 88' lang='lat' dir='ltr'><strong>Nos</strong></span> 
     </span>
     <span class='ocr_line' id='line_1_29' title="bbox 7 3431 969 3512; baseline 0.015 -25"><span class='ocrx_word' id='word_1_169' title='bbox 7 3431 223 3494; x_wconf 80' lang='lat' dir='ltr'><strong>observantiae</strong></span> <span class='ocrx_word' id='word_1_170' title='bbox 238 3435 471 3512; x_wconf 83' lang='lat' dir='ltr'><strong>singularisque</strong></span> <span class='ocrx_word' id='word_1_171' title='bbox 485 3436 517 3496; x_wconf 92' lang='lat' dir='ltr'><strong>in</strong></span> <span class='ocrx_word' id='word_1_172' title='bbox 533 3444 669 3498; x_wconf 84' lang='lat' dir='ltr'><strong>sanctem</strong></span> <span class='ocrx_word' id='word_1_173' title='bbox 686 3441 765 3498; x_wconf 86' lang='lat' dir='ltr'><strong>hanc</strong></span> <span class='ocrx_word' id='word_1_174' title='bbox 777 3440 886 3500; x_wconf 84' lang='lat' dir='ltr'><strong>Sedem</strong></span> <span class='ocrx_word' id='word_1_175' title='bbox 902 3446 969 3501; x_wconf 90' lang='lat' dir='ltr'><strong>stu·</strong></span> 
     </span>
     <span class='ocr_line' id='line_1_30' title="bbox 7 3521 968 3604; baseline 0.012 -23"><span class='ocrx_word' id='word_1_176' title='bbox 7 3521 46 3582; x_wconf 90' lang='lat' dir='ltr'><strong>dii</strong></span> <span class='ocrx_word' id='word_1_177' title='bbox 67 3528 266 3600; x_wconf 87' lang='lat' dir='ltr'><strong>documenta,</strong></span> <span class='ocrx_word' id='word_1_178' title='bbox 287 3546 347 3586; x_wconf 92' lang='lat' dir='ltr'><strong>non</strong></span> <span class='ocrx_word' id='word_1_179' title='bbox 368 3535 499 3604; x_wconf 87' lang='lat' dir='ltr'><strong>possunt</strong></span> <span class='ocrx_word' id='word_1_180' title='bbox 517 3532 615 3592; x_wconf 85' lang='lat' dir='ltr'><strong>Nobis</strong></span> <span class='ocrx_word' id='word_1_181' title='bbox 636 3552 695 3592; x_wconf 91' lang='lat' dir='ltr'><strong>non</strong></span> <span class='ocrx_word' id='word_1_182' title='bbox 718 3552 785 3594; x_wconf 83' lang='lat' dir='ltr'><strong>esse</strong></span> <span class='ocrx_word' id='word_1_183' title='bbox 807 3533 968 3595; x_wconf 86' lang='lat' dir='ltr'><strong>iucundis·</strong></span> 
     </span>
    </p>
   </div>
   <div class='ocr_carea' id='block_1_8' title="bbox 0 0 1216 4196">
    <p class='ocr_par' dir='ltr' id='par_1_9' title="bbox 0 0 1216 4196">
     <span class='ocr_line' id='line_1_31' title="bbox 0 0 1216 4196; baseline 0 5"><span class='ocrx_word' id='word_1_184' title='bbox 0 0 1216 4196; x_wconf 95' lang='lat' dir='ltr'><strong> </strong></span> 
     </span>
    </p>
   </div>
  </div>
 </body>
</html>
