2430 4202
445 143 625 204 -325-

74 247 299 310 Nazianzeni
329 249 568 328 Archiepisoopi
584 301 586 304 .
604 250 708 333 lapsus
742 254 776 311 et
811 252 1023 334 retractatio„

18 343 59 403 11.
76 341 158 414 208,
172 341 262 414 247,
281 341 350 401 248.

78 434 230 496 Nuntiis
248 435 456 510 Apostolicis‚
471 436 645 497 intercluso
666 438 703 496 ad
720 437 937 518 ¹llpostolioum
956 440 1013 500 Se·

17 528 90 588 dem
105 528 355 606 Episcoporum
379 531 479 605 aditu,
495 530 663 592 facultates
677 531 926 610 subdelegandae
940 550 1013 595 con·

15 623 201 682 ceduntur.
222 623 272 682 ΙΙ.
291 623 359 683 179.

79 717 239 793 Nuptiae
257 715 426 789 solemnes,
442 733 502 775 non
514 691 802 793 privatae,quando
818 717 939 778 vetitae
955 716 1011 774 du·

20 812 115 869 rante
140 809 339 870 schismate.
356 810 397 871 11.
414 811 464 870 47.

518 968 545 1024 0

83 1088 327 1151 ordinationis
342 1107 447 1152 sacrae
462 1108 481 1150 a
496 1092 627 1168 quodam
640 1091 763 1152 intruso
774 1093 927 1170 Episcopo
941 1109 1011 1170 per-
1045 1103 1047 1108 '

22 1187 118 1244 actae
146 1183 313 1243 validitas
333 1184 364 1244 in
387 1185 513 1244 dubium
543 1189 722 1246 revocatur.
747 1187 787 1245 II.
812 1185 881 1244 137.
898 1185 1012 1252 -Quid

26 1278 189 1338 Pontifex
218 1276 442 1354 inquirendum
468 1277 606 1364 iusserit
631 1279 832 1356 Ibid.'·quid
862 1281 1013 1338 decreve-

30 1373 86 1433 rit.
105 1373 184 1434 153.

90 1467 177 1528 Olea
194 1483 293 1526 sacra
306 1467 340 1525 et
351 1466 383 1525 S.
394 1465 548 1540 Obrisma,
562 1465 724 1542 nequidem
732 1465 869 1525 Vicariis
883 1481 1013 1542 genera·

33 1560 116 1621 libus
132 1561 169 1620 in
188 1559 309 1622 Galliis
324 1577 505 1620 consecrare
517 1577 704 1634 concessum3
717 1560 744 1619 si
756 1559 837 1620 desit
847 1558 1014 1634 Episcopus

29 1659 258 1727 consecrator,
275 1653 396 1714 Vicarii
411 1653 568 1730 generalis
589 1671 701 1731 munus
722 1657 771 1714 est
791 1653 824 1711 in
845 1651 1010 1712 dioecesim

34 1747 267 1808 transferenda
287 1765 410 1807 curare.
424 1749 463 1808 II.
480 1747 530 1806 87.
540 1778 554 1790 -
564 1746 644 1813 Quid
658 1746 846 1817 faciendum,
863 1744 890 1804 si
903 1743 1012 1804 haberi

35 1859 93 1900 non
116 1841 262 1920 possint.
279 1842 357 1902 Ibid.
371 1841 545 1902 -Oleorum
567 1849 664 1901 costra
684 1843 770 1902 diem
791 1838 915 1900 Coenos
939 1856 1012 1899 con-

34 1937 145 2001 fectio.
162 1943 190 2001 1.
209 1939 282 2002 200.
294 1971 308 1985 ·
319 1940 471 2000 Ordinum
493 1942 585 2000 extra
600 1942 721 2016 tempus
737 1939 895 2016 variisque
910 1956 928 1998 a
941 1937 1012 1997 iure

33 2034 175 2095 statutis
196 2032 327 2094 minime
348 2033 495 2106 servatis,
518 2032 658 2092 collatio.
675 2033 700 2092 Ι.
716 2032 788 2106 201,
804 2031 876 2092 288.

519 2183 546 2238 P

62 2375 64 2380 .
100 2314 256 2375 Panisset
275 2313 462 2374 Franciscus
477 2315 614 2375 Therese
628 2315 796 2392 Episcopus
810 2313 1013 2375 constitutio·

41 2406 123 2468 nalis
144 2407 269 2469 Montis
290 2409 363 2468 Albi
385 2408 417 2467 in
439 2410 605 2472 Sabsudis.
622 2411 701 2478 Quid
722 2409 773 2470 illi
794 2410 960 2487 agendum,
976 2414 1013 2470 ut

44 2503 181 2577 petitam
203 2502 432 2564 absolutionem
454 2503 607 2564 obtineat.
625 2505 665 2565 11.
685 2505 753 2565 117.
770 2536 786 2549 -
800 2505 1015 2566 Retraotatio·

43 2612 112 2655 nem
129 2615 220 2658 suam
236 2599 330 2673 atque
345 2614 487 2657 errorum
509 2615 637 2658 suorum
652 2615 688 2656 ac
702 2599 1010 2674 praevaricationum

45 2687 200 2750 humilem
215 2693 248 2750 et
263 2690 420 2766 prolixam
441 2690 653 2752 narrationem
676 2691 780 2770 mittit
794 2691 831 2751 ad
847 2692 937 2750 Pium
954 2693 1010 2751 VI.

44 2781 117 2843 224.
127 2785 211 2851 -Qui
226 2785 309 2844 datis
325 2786 362 2844 ad
377 2786 478 2862 ipsum
500 2786 622 2846 litteris
637 2785 675 2846 sb
689 2785 1009 2844 excommunicatione

46 2875 272 2938 absolvendum
298 2879 463 2950 rescribit,
486 2896 546 2937 non
568 2895 645 2938 vero
666 2895 685 2937 a
707 2879 916 2954 suspensione.
941 2876 1010 2938 133.

104 2971 369 3033 Paramentorum
391 2990 566 3045 sacrorum,
588 2972 695 3032 calicis
717 2974 749 3031 et
771 2974 900 3047 patenae
922 2969 1014 3028 bene·

47 3063 145 3124 dictio
166 3071 200 3127 et
220 3069 415 3128 consecratio
437 3068 629 3145 simplicibus
650 3065 864 3127 sacerdotibus
884 3065 923 3124 ab
942 3063 1014 3140 Epi-

49 3173 139 3236 scopo
161 3160 399 3238 subdelegandis
420 3161 555 3221 indulta.
572 3162 598 3220 Ι.
614 3159 685 3221 201.

108 3253 245 3313 Paroohi
264 3272 283 3314 a
303 3253 408 3314 iurato
422 3255 574 3330 Episcopo
594 3253 632 3313 ad
648 3251 803 3311 Ecclesias
824 3268 938 3311 vacuas
961 3251 1014 3311 vel

51 3340 157 3416 plenas
184 3347 327 3407 instituti
349 3347 440 3406 iuxta
459 3346 594 3406 formam
616 3343 829 3405 schismaticae
852 3343 1017 3405 Constitu-

54 3434 147 3498 tionis
168 3457 206 3500 an
228 3441 366 3518 aliquam
390 3439 643 3500 iurisdictionem
670 3437 862 3514 ordinariam
886 3438 938 3498 vel
963 3437 1017 3496 de·
