2424 4196
644 184 804 246 ,80-

241 294 386 371 utpossis
398 293 465 354 sive
481 311 537 370 per
551 297 584 354 10
598 294 711 370 ipsum,
740 291 807 352 sive
829 309 887 369 per
907 291 987 354 alios
1007 291 1120 351 idoneos
1132 290 1173 348 ni·

241 389 357 448 nistros
370 404 389 446 a
404 390 437 445 10
450 386 637 462 delegandos
648 383 899 446 iurisdictionem
911 402 1057 446 exercere
1070 385 1099 444 in
1113 383 1171 442 ide-

241 482 287 542 les
298 498 403 540 omnes
413 480 506 540 istius
519 479 678 540 exercitus
688 479 720 538 in
733 495 926 555 quacumque
938 477 1069 538 dioecesi
1079 476 1176 552 positos

241 592 312 634 cum
326 574 467 634 omnibus
480 573 685 634 facultatibus
698 617 707 645 ,
720 591 798 649 qnae
812 573 982 648 Capellano
996 571 1101 632 Maiori
1111 570 1176 646 regn

243 668 405 744 utriusque
416 667 630 738 Siciliac,dum
642 666 760 726 milites
769 665 801 726 in
813 669 887 726 actu
899 665 1101 743 expeditionis
1111 667 1176 734 sunt,
1202 649 1203 658 ¹

242 781 262 824 a
275 763 446 824 Benedicto
457 764 543 836 XIV,
559 761 645 823 felici
660 761 889 834 recordatione,
902 779 1061 822 concessae
1075 759 1176 820 luerunt

242 855 640 918 000011101100000000011
655 855 755 933 pridie
771 873 867 914 nonas
882 855 953 914 iulii
971 855 1058 927 1741,
1070 857 1101 913 01
1113 855 1175 911 motu
1200 889 1201 893 =

243 951 370 1027 proprio
382 953 426 1010 IV
438 950 507 1010 idus
519 951 697 1012 novembris
708 949 845 1010 eiusdem
860 949 947 1022 anni,
956 966 1084 1026 quornm
1099 962 1177 1005 erem·

243 1045 313 1121 plar
327 1045 375 1104 his
390 1043 557 1121 alligatum
578 1043 700 1104 litteris
714 1043 862 1119 accipies;
878 1045 911 1103 et
925 1042 1027 1119 possis
1046 1041 1119 1100 item
1131 1038 1177 1096 ubi·

243 1155 302 1214 qne
323 1137 463 1198 locorum
483 1155 629 1198 exercere
651 1138 682 1197 in
697 1139 884 1196 memoratos
906 1136 1014 1196 fideles
1030 1131 1178 1194 extraordi-

242 1230 348 1290 narias
368 1247 487 1306 qnoque
510 1228 678 1288 facultates
709 1227 768 1288 tibi
791 1228 923 1305 aliisque
947 1228 1119 1288 Galliarum
1137 1223 1178 1301 cpi·
1204 1273 1205 1303 3

244 1322 343 1398 scopis
365 1321 501 1380 tributas
522 1321 654 1381 indultis
669 1320 731 1380 diei
757 1321 795 1380 19
816 1320 924 1380 martii
942 1324 975 1380 et
998 1321 1177 1380 131001100-

244 1416 277 1476 ni
293 1416 382 1486 1792,
394 1433 471 1492 quae
492 1415 540 1475 his
555 1414 676 1474 litteris
690 1415 813 1490 pariter
827 1414 1053 1490 adiunguntur.
1065 1417 1112 1475 Ad
1125 1412 1179 1473 alios

244 1513 350 1572 autem
371 1508 479 1568 fideles
500 1509 578 1584 quod
601 1507 741 1583 pertinet
762 1507 936 1566 alienarum
960 1503 1178 1576 dioecesium,ad

244 1621 320 1681 quos
333 1619 364 1662 se
385 1601 544 1661 exercitus
565 1601 715 1673 conferet,
733 1600 791 1659 tibi
806 1601 992 1661 facultatem
1009 1601 1180 1679 impertimur

244 1695 418 1772 apostolica
444 1694 635 1756 auctoritate
664 1694 845 1754 consulendi
872 1693 1033 1771 spirituali
1054 1695 1199 1774 dictornn

239 1789 384 1849 fidelium
399 1789 477 1848 bono
491 1788 588 1849 etiam
610 1787 701 1847 iuxta
717 1790 918 1849 memoranda
938 1788 1075 1861 indulta,
1086 1784 1181 1864 quotics
1198 1777 1199 1802 *

246 1885 350 1944 tamen
362 1898 400 1940 ea
420 1881 593 1942 alienarum
616 1881 804 1941 dioecesium
828 1881 896 1942 loca
917 1885 1046 1942 careant
1066 1879 1181 1958 legitimo
1199 1949 1200 1960 χ

246 1975 406 2054 superiore
427 1974 656 2036 ecclesiastico:
680 1975 727 2034 ita
743 1978 778 2033 01
799 1973 826 2033 si
849 1977 993 2050 tempore
1014 1969 1183 2037 advenientis

246 2068 406 2130 exercitus
419 2067 463 2130 ibi
484 2067 546 2128 iam
561 2073 656 2142 00001,
672 2070 728 2128 001
747 2070 856 2146 postea
870 2067 948 2128 illuc
962 2071 1124 2129 accederat
1134 2080 1182 2142 pro
1196 2072 1204 2131 l

246 2162 333 2240 prius
348 2161 546 2233 ordinarius,
562 2164 618 2221 aut
638 2162 720 2222 alins
741 2161 970 2223 ecclesiasticus
988 2163 1052 2236 vir,
1068 2160 1183 2239 legitime
1198 2148 1204 2192 '¹'

247 2272 303 2333 per
315 2253 514 2313 Ordinarinm
527 2255 639 2331 ipsum,
652 2257 709 2316 aut
720 2272 776 2332 per
787 2256 1184 2334 metropolitanum,autper

246 2348 327 2408 hano
337 2347 539 2422 apostolicam
552 2349 661 2408 Sedem
676 2347 852 2425 delegatus,
865 2352 897 2408 10
911 2350 1025 2409 debeas
1035 2368 1054 2409 a
1066 2360 1183 2425 quacun·

239 2458 305 2516 ¹que
316 2438 533 2501 iurisdictione
545 2443 717 2501 exercenda
728 2443 901 2517 abstinere,
914 2442 1029 2502 relicto
1042 2441 1150 2500 eisdem
1161 2435 1184 2494 li·
1203 2449 1204 2452 ’

246 2534 321 2596 bero
336 2531 563 2596 iurisdictionis
577 2534 1183 2610 0000100000100010011,0100(10103010

307 2626 444 2704 Denique
459 2629 537 2689 illud
551 2629 646 2688 etiam
661 2629 873 2703 declaramus,
888 2630 966 2705 quod
989 2632 1055 2690 tam
1076 2625 1186 2686 destina·

248 2719 295 2780 110
322 2723 377 2782 tua
405 2721 437 2782 in
466 2723 659 2782 ordinarium
687 2724 787 2782 totius
814 2723 994 2796 exercitus,
1016 2739 1109 2798 quam
1136 2727 1185 2776 0111

247 2815 572 2893 extraordinariarum
594 2813 780 2874 facultatum
806 2814 838 2874 in
864 2813 976 2874 alienis
998 2813 1184 2874 dioecesibus,

246 2906 392 2984 legitimo
420 2911 546 2986 pastore
574 2906 753 2980 destitutis,
769 2907 812 2967 sit
830 2907 1046 2967 tantummodo
1066 2906 1148 2966 intra
1162 2899 1186 2958 li·

245 3001 341 3061 mites
364 3003 454 3062 unlus
475 3002 548 3062 anni
569 3000 835 3077 circumscriptus,
853 3000 879 3060 si
903 2999 1023 3061 tamdiu
1048 2997 1187 3060 calamitas

247 3097 422 3173 temporum
448 3093 692 3171 perduraverit,
720 3112 775 3153 nec
801 3093 898 3154 aliter
925 3111 981 3170 per
1007 3093 1187 3170 apostolicam

246 3189 358 3248 Sedem
379 3188 540 3265 provisum
561 3187 670 3247 fuerit.
687 3187 784 3248 Faxit
805 3189 900 3262 Dans,
924 3187 1013 3247 cuius
1034 3185 1189 3247 misericor

247 3282 317 3342 diae
339 3299 399 3341 non
423 3285 471 3341 est
492 3297 651 3353 numerus,
673 3284 706 3341 et
729 3279 884 3340 bonitatis
905 3280 1050 3341 infinitus
1072 3279 1189 3342 001110

247 3393 369 3451 saurus,
385 3379 422 3437 ut
442 3377 519 3436 felix
540 3393 646 3435 rernm
667 3380 803 3437 eventus
826 3375 1015 3452 respondeat
1036 3376 1119 3436 votis
1139 3385 1189 3432 000

249 3470 409 3544 talaiam
431 3469 508 3532 dicti
530 3467 734 3543 marchionis,
756 3467 923 3547 praecipue
945 3461 1190 3547 spectantibusnd
