2430 4202
287 257 354 322 Qun
372 256 498 333 quidem
525 257 558 315 in
579 274 615 315 re
635 256 710 332 quid
736 273 793 314 non
822 259 873 315 est
893 257 990 316 abeo
1008 259 1176 332 susceptum

225 353 320 425 atque
341 349 529 426 perfectum,
550 350 583 408 iu
603 368 664 426 quo
690 369 751 408 non
770 350 911 409 omnium
936 349 1177 427 expectationem
1202 365 1203 374 ¹

228 441 366 502 viceritl
386 445 487 503 Erant
506 443 570 504 iam
590 447 667 502 tunc
687 448 853 520 tempora,
875 443 988 520 quibus
1008 443 1178 502 hominess

228 536 340 610 quovis
368 555 483 613 genere
509 537 740 613 perditissimi,
761 540 890 614 arrepto
913 554 1012 613 nuper
1032 537 1179 607 honesto,

229 645 312 687 nuno
332 631 370 688 ed
391 648 482 688 omne
501 630 604 689 scelus
624 633 659 689 et
677 630 834 707 flagitium
855 629 1027 707 composito
1046 629 1180 688 Philoso-

228 726 364 802 phorum
384 726 530 798 uomiue,
550 726 730 804 imperitam
750 726 988 786 multitudinem
1013 723 1180 786 teterrimis

229 820 353 878 artibus
373 821 412 878 ad
433 820 646 897 decipiendam
673 825 767 897 atque
789 823 826 880 de
847 820 931 878 omni
953 817 1046 878 officii
1068 837 1105 877 ac
1125 817 1181 876 uir·
1204 766 1205 848 i

229 914 311 972 tutis
332 914 385 974 via
406 914 609 976 deiiciendam
635 915 912 994 aggrediebantur.
934 915 1026 975 Nihil
1055 915 1119 973 iam
1141 914 1182 970 iu·

230 1009 390 1066 tentatum
417 1007 677 1085 relinquebatur,
705 1027 767 1084 quo
802 1007 985 1068 catholicae
1013 1004 1180 1084 Religionis

230 1119 332 1174 amor,
347 1103 499 1176 studium,
514 1105 619 1164 cultus
639 1103 678 1162 ab
694 1102 809 1163 animis
821 1102 960 1162 omnium
974 1103 1179 1168 demerentur,

231 1194 335 1267 nihil,
358 1215 418 1272 quo
439 1198 471 1255 in
492 1199 677 1258 Sacerdotes
704 1197 835 1256 infamia
856 1201 889 1256 et
909 1195 1036 1254 invidia
1057 1194 1181 1270 undique

230 1288 442 1364 centaretum
465 1290 558 1364 nihil,
578 1309 639 1367 quo
658 1289 899 1367 quamplurimis
917 1288 987 1347 fleri
1003 1292 1114 1364 posset
1125 1303 1182 1362 per·
1206 1290 1207 1372 l

231 1383 435 1456 mederetur,
459 1385 580 1444 nullum
601 1401 746 1460 umquam
768 1383 887 1455 fuisse,
909 1384 967 1442 aut
985 1399 1057 1440 esse
1079 1383 1180 1450 Deum

231 1477 325 1551 atque
347 1477 404 1536 has
423 1495 530 1536 omnes
550 1478 588 1536 de
608 1480 671 1536 Deo
684 1480 717 1535 et
731 1477 897 1552 Religione
912 1473 1118 1534 narrationes
1130 1473 1183 1530 ine·

231 1571 303 1645 ptas
323 1589 391 1629 esse
412 1575 505 1648 atque
527 1571 627 1631 aniles
647 1571 783 1643 fabulas,
797 1587 930 1647 quarum
952 1567 1074 1644 pudere
1095 1584 1130 1627 ac
1147 1563 1183 1641 pi·

232 1679 307 1738 gere
328 1664 535 1741 Philosophos
554 1669 734 1742 oporteret:
750 1666 873 1740 iamque
887 1680 980 1723 unam
997 1679 1069 1721 esse
1084 1657 1183 1718 salutis

232 1758 267 1814 et
287 1756 386 1816 totins
406 1757 548 1834 reliquae
568 1758 733 1818 felicitatis
753 1775 838 1834 spem
860 1759 953 1832 atque
977 1754 1084 1826 riam,
1101 1753 1127 1812 si
1140 1754 1183 1810 ho·

232 1848 333 1909 mines
352 1851 590 1927 intelligerent,
613 1869 680 1912 sese
701 1869 799 1927 aequo
820 1854 910 1909 nator
931 1866 1000 1907 esse
1023 1848 1118 1919 iure,
1138 1863 1183 1904 nee

233 1961 417 2020 quemquam
440 1943 508 2002 sive
529 1947 638 2018 Deum,
661 1944 729 2003 sire
748 1943 904 2002 hominem
926 1958 1008 2013 esse,
1027 1941 1083 2018 qui
1097 1941 1128 1999 in
1142 1955 1184 1998 eos

234 2037 389 2097 dominari
416 2043 541 2115 possm:
571 2056 640 2098 eam
665 2055 731 2096 esse
758 2035 935 2095 hominibus
961 2035 1145 2095 libertatem
1170 2049 1184 2089 a

233 2135 349 2192 matura
369 2133 541 2204 tributam,
563 2151 632 2192 eam
653 2135 686 2190 et
708 2130 950 2200 vindicandam,
972 2132 1008 2187 et
1030 2127 1109 2188 totis
1128 2141 1184 2185 esse

233 2223 356 2283 uiribus
383 2225 591 2284 asserendam.
614 2224 682 2282 Huc
702 2226 736 2282 et
756 2221 968 2283 clandestinae
996 2220 1184 2296 perditorum

233 2317 394 2377 hominum
415 2318 508 2377 statis
528 2322 596 2377 tum
619 2318 707 2390 locis,
723 2321 791 2376 tum
806 2316 1001 2393 temporibus
1023 2316 1183 2382 coitiones;

234 2413 269 2470 et
289 2411 532 2471 innumerabiles
552 2412 755 2488 pestiferique
775 2410 851 2470 libri
871 2410 911 2468 ab
931 2408 1111 2486 impietatis
1124 2403 1186 2466 loti·

234 2504 317 2564 bulis
336 2509 554 2583 erumpentes,
576 2505 725 2582 novisque
746 2505 784 2565 ad
806 2503 1008 2564 alliciendum
1030 2499 1186 2563 lenociniis

235 2598 384 2675 perpoliti
411 2600 616 2677 spectabant,
638 2600 698 2658 buo
726 2598 945 2676 pertinebant:
976 2598 1056 2656 haec
1077 2610 1185 2655 summa

235 2693 383 2751 votorum
396 2695 468 2751 erat
483 2709 582 2752 norae
595 2690 689 2750 huius
704 2694 774 2751 tota
787 2692 911 2768 Europa
925 2689 1110 2748 bacchantis
1122 2685 1184 2745 Phi-

235 2783 404 2860 losophiae.
429 2786 554 2860 lamque
575 2801 626 2844 res
646 2785 723 2843 adeo
746 2787 952 2861 processerat,
976 2787 1013 2842 ut
1036 2783 1128 2859 plane
1146 2780 1184 2836 in-

236 2879 452 2957 telligeretur,
472 2878 551 2937 nihil
571 2878 602 2937 ei
623 2897 683 2937 non
705 2895 773 2937 esse
786 2880 998 2949 metuendum,
1014 2877 1069 2954 qui
1085 2877 1183 2936 contra

235 2973 337 3033 obniti
359 2971 476 3045 vellet3
497 2975 531 3031 et
551 2989 611 3047 quo
632 2971 762 3048 quisque
782 2970 896 3030 ceteris
921 2973 978 3030 aut
999 2969 1183 3030 auctoritate

235 3068 414 3143 praestaret
441 3069 497 3124 aut
522 3063 701 3141 dignitate,
723 3065 782 3123 hoe
810 3062 840 3122 ei
865 3063 964 3139 magis
992 3063 1184 3123 metuendum

236 3178 315 3221 esse.

297 3256 331 3313 ln
353 3254 410 3313 hac
432 3254 523 3312 tanta
542 3255 575 3310 et
595 3267 700 3310 rerum
722 3249 858 3308 omnium
880 3247 1138 3325 perturbatione,
1157 3247 1184 3302 et

237 3362 358 3405 morum
387 3345 676 3420 sententiarumque
705 3342 910 3419 corruptela,
936 3360 1030 3418 quum
1059 3341 1135 3401 Pius
1159 3353 1183 3396 se

238 3455 334 3498 uuum
355 3456 421 3498 esse
442 3437 658 3514 intelligeret,
679 3435 711 3494 in
732 3453 823 3512 quem
844 3433 1040 3512 potissimum
1066 3437 1183 3510 propter
